@article{price2017nonlinear,
 author = {Price, Tom and Kovrizhin, Dmitry and Lamacraft, Austen},
 journal = {SciPost Physics},
 number = {1},
 publisher = {SciPost Foundation},
 title = {Nonlinear Luttinger liquid: Exact result for the Green function in terms of the fourth Painlev√© transcendent},
 volume = {2},
 year = {2017}
}

