@article{PhysRevA.83.033605,
 author = {Lamacraft, Austen},
 bdsk-url-1 = {https://link.aps.org/doi/10.1103/PhysRevA.83.033605},
 bdsk-url-2 = {https://doi.org/10.1103/PhysRevA.83.033605},
 date-added = {2019-11-10 16:11:17 +0000},
 date-modified = {2019-11-10 16:11:17 +0000},
 doi = {10.1103/PhysRevA.83.033605},
 issue = {3},
 journal = {Phys. Rev. A},
 month = {Mar},
 numpages = {14},
 pages = {033605},
 publisher = {American Physical Society},
 title = {Spin-1 microcondensate in a magnetic field},
 url = {https://link.aps.org/doi/10.1103/PhysRevA.83.033605},
 volume = {83},
 year = {2011}
}

