@article{PhysRevB.81.184526,
 author = {Lamacraft, Austen},
 bdsk-url-1 = {https://link.aps.org/doi/10.1103/PhysRevB.81.184526},
 bdsk-url-2 = {https://doi.org/10.1103/PhysRevB.81.184526},
 date-added = {2019-11-10 16:11:03 +0000},
 date-modified = {2019-11-10 16:11:03 +0000},
 doi = {10.1103/PhysRevB.81.184526},
 issue = {18},
 journal = {Phys. Rev. B},
 month = {May},
 numpages = {11},
 pages = {184526},
 publisher = {American Physical Society},
 title = {Low-energy dynamics of spinor condensates},
 url = {https://link.aps.org/doi/10.1103/PhysRevB.81.184526},
 volume = {81},
 year = {2010}
}

