@article{lamacraft2006particle,
 author = {Lamacraft, Austen},
 journal = {Physical Review A},
 number = {1},
 pages = {011602},
 publisher = {APS},
 title = {Particle correlations in a Fermi superfluid},
 volume = {73},
 year = {2006}
}

