@article{lamacraft2004localization,
 author = {Lamacraft, A and Simons, BD and Zirnbauer, MR},
 journal = {Physical Review B},
 number = {7},
 pages = {075412},
 publisher = {APS},
 title = {Localization from $Ïƒ$-model geodesics},
 volume = {70},
 year = {2004}
}

