@article{PhysRevA.77.063622,
 author = {Lamacraft, Austen},
 bdsk-url-1 = {https://link.aps.org/doi/10.1103/PhysRevA.77.063622},
 bdsk-url-2 = {https://doi.org/10.1103/PhysRevA.77.063622},
 date-added = {2019-11-02 23:05:46 +0000},
 date-modified = {2019-11-02 23:05:46 +0000},
 doi = {10.1103/PhysRevA.77.063622},
 issue = {6},
 journal = {Phys. Rev. A},
 month = {Jun},
 numpages = {4},
 pages = {063622},
 publisher = {American Physical Society},
 title = {Long-wavelength spin dynamics of ferromagnetic condensates},
 url = {https://link.aps.org/doi/10.1103/PhysRevA.77.063622},
 volume = {77},
 year = {2008}
}

