@article{lamacraft2008spinodal,
 author = {Lamacraft, A and Marchetti, FM},
 journal = {Physical Review B},
 number = {1},
 pages = {014511},
 publisher = {APS},
 title = {Spinodal decomposition in polarized Fermi superfluids},
 volume = {77},
 year = {2008}
}

