@article{PhysRevLett.98.160404,
 author = {Lamacraft, Austen},
 bdsk-url-1 = {https://link.aps.org/doi/10.1103/PhysRevLett.98.160404},
 bdsk-url-2 = {https://doi.org/10.1103/PhysRevLett.98.160404},
 date-added = {2019-11-02 22:06:51 +0000},
 date-modified = {2019-11-02 22:06:51 +0000},
 doi = {10.1103/PhysRevLett.98.160404},
 issue = {16},
 journal = {Phys. Rev. Lett.},
 month = {Apr},
 numpages = {4},
 pages = {160404},
 publisher = {American Physical Society},
 title = {Quantum Quenches in a Spinor Condensate},
 url = {https://link.aps.org/doi/10.1103/PhysRevLett.98.160404},
 volume = {98},
 year = {2007}
}

