@article{veillette2008radio,
 author = {Veillette, Martin and Moon, Eun Gook and Lamacraft, Austen and Radzihovsky, Leo and Sachdev, Subir and Sheehy, DE},
 journal = {Physical Review A},
 number = {3},
 pages = {033614},
 publisher = {APS},
 title = {Radio-frequency spectroscopy of a strongly imbalanced Feshbach-resonant Fermi gas},
 volume = {78},
 year = {2008}
}

