@article{PhysRevA.87.012707,
 author = {Lamacraft, Austen},
 bdsk-url-1 = {https://link.aps.org/doi/10.1103/PhysRevA.87.012707},
 bdsk-url-2 = {https://doi.org/10.1103/PhysRevA.87.012707},
 date-added = {2019-11-10 16:12:50 +0000},
 date-modified = {2019-11-10 16:12:50 +0000},
 doi = {10.1103/PhysRevA.87.012707},
 issue = {1},
 journal = {Phys. Rev. A},
 month = {Jan},
 numpages = {10},
 pages = {012707},
 publisher = {American Physical Society},
 title = {Diffractive scattering of three particles in one dimension: A simple result for weak violations of the Yang-Baxter equation},
 url = {https://link.aps.org/doi/10.1103/PhysRevA.87.012707},
 volume = {87},
 year = {2013}
}

