@article{brouwer2005weak,
 author = {Brouwer, Piet W and Lamacraft, Austen and Flensberg, Karsten},
 journal = {Physical review letters},
 number = {13},
 pages = {136801},
 publisher = {APS},
 title = {Weak Coulomb blockade effect in quantum dots},
 volume = {94},
 year = {2005}
}

