@article{ray2016quantum,
 author = {Ray, S and Ghosh, A and Sinha, S},
 journal = {Physical Review E},
 number = {3},
 pages = {032103},
 publisher = {American Physical Society},
 title = {Quantum signature of chaos and thermalization in the kicked Dicke model},
 volume = {94},
 year = {2016}
}

