@inproceedings{lamacraft2014finite,
 author = {Lamacraft, Austen and Kulkarni, Manas},
 booktitle = {APS Meeting Abstracts},
 title = {Finite-temperature dynamical structure factor of the one-dimensional Bose gas: From the Gross-Pitaevskii equation to the Kardar-Parisi-Zhang universality class of dynamical critical phenomena},
 year = {2014}
}

