@article{parish2007finite,
 author = {Parish, Meera M and Marchetti, FM and Lamacraft, A and Simons, BD},
 journal = {Nature Physics},
 number = {2},
 pages = {124},
 publisher = {Nature Publishing Group},
 title = {Finite-temperature phase diagram of a polarized Fermi condensate},
 volume = {3},
 year = {2007}
}

