@inproceedings{lamacraft2009motion,
 author = {Lamacraft, Austen},
 booktitle = {APS Meeting Abstracts},
 title = {Motion of an impurity in a one-dimensional quantum liquid},
 year = {2009}
}

