@article{PhysRevLett.85.4783,
 author = {Lamacraft, A. and Simons, B. D.},
 bdsk-url-1 = {https://link.aps.org/doi/10.1103/PhysRevLett.85.4783},
 bdsk-url-2 = {https://doi.org/10.1103/PhysRevLett.85.4783},
 date-added = {2019-11-02 21:57:57 +0000},
 date-modified = {2019-11-02 21:57:57 +0000},
 doi = {10.1103/PhysRevLett.85.4783},
 issue = {22},
 journal = {Phys. Rev. Lett.},
 month = {Nov},
 numpages = {0},
 pages = {4783--4786},
 publisher = {American Physical Society},
 title = {Tail States in a Superconductor with Magnetic Impurities},
 url = {https://link.aps.org/doi/10.1103/PhysRevLett.85.4783},
 volume = {85},
 year = {2000}
}

