@article{PhysRevLett.108.207001,
 author = {Schecter, M. and Kamenev, A. and Gangardt, D. M. and Lamacraft, A.},
 bdsk-url-1 = {https://link.aps.org/doi/10.1103/PhysRevLett.108.207001},
 bdsk-url-2 = {https://doi.org/10.1103/PhysRevLett.108.207001},
 date-added = {2019-11-10 16:12:40 +0000},
 date-modified = {2019-11-10 16:12:40 +0000},
 doi = {10.1103/PhysRevLett.108.207001},
 issue = {20},
 journal = {Phys. Rev. Lett.},
 month = {May},
 numpages = {5},
 pages = {207001},
 publisher = {American Physical Society},
 title = {Critical Velocity of a Mobile Impurity in One-Dimensional Quantum Liquids},
 url = {https://link.aps.org/doi/10.1103/PhysRevLett.108.207001},
 volume = {108},
 year = {2012}
}

