%% This BibTeX bibliography file was created using BibDesk.
%% http://bibdesk.sourceforge.net/

%% Created for Austen Lamacraft at 2019-11-10 16:53:45 +0000 


%% Saved with string encoding Unicode (UTF-8) 

@article{claeys2021ergodic,
  title={Ergodic and nonergodic dual-unitary quantum circuits with arbitrary local Hilbert space dimension},
  author={Claeys, Pieter W and Lamacraft, Austen},
  journal={Physical Review Letters},
  volume={126},
  number={10},
  pages={100603},
  year={2021},
  publisher={APS}
}

@article{gispen2020ground,
  title={Ground States of Quantum Many Body Lattice Models via Reinforcement Learning},
  author={Gispen, Willem and Lamacraft, Austen},
  journal={arXiv preprint arXiv:2012.07063},
  year={2020}
}

@inproceedings{barr2020quantum,
  title={Quantum ground states from reinforcement learning},
  author={Barr, Ariel and Gispen, Willem and Lamacraft, Austen},
  booktitle={Mathematical and Scientific Machine Learning},
  pages={635--653},
  year={2020},
  organization={PMLR}
}

@article{claeys2020maximum,
  title={Maximum velocity quantum circuits},
  author={Claeys, Pieter W and Lamacraft, Austen},
  journal={Physical Review Research},
  volume={2},
  number={3},
  pages={033032},
  year={2020},
  publisher={APS}
}

@article{uranga2019schr,
  title={Schr\"odingeRNN: Generative Modeling of Raw Audio as a Continuously Observed Quantum State},
  author={Uranga, Be{\~n}at Mencia and Lamacraft, Austen},
  journal={arXiv preprint arXiv:1911.11879},
  year={2019}
}

@article{SciPostPhys.2.1.005,
	Author = {Tom Price and D. L. Kovrizhin and Austen Lamacraft},
	Date-Added = {2019-11-10 16:53:43 +0000},
	Date-Modified = {2019-11-10 16:53:43 +0000},
	Doi = {10.21468/SciPostPhys.2.1.005},
	Issue = {1},
	Journal = {SciPost Phys.},
	Pages = {005},
	Publisher = {SciPost},
	Title = {{Nonlinear Luttinger liquid: Exact result for the Green function in terms of the fourth Painlev{\'e} transcendent}},
	Url = {https://scipost.org/10.21468/SciPostPhys.2.1.005},
	Volume = {2},
	Year = {2017},
	Bdsk-Url-1 = {https://scipost.org/10.21468/SciPostPhys.2.1.005},
	Bdsk-Url-2 = {https://doi.org/10.21468/SciPostPhys.2.1.005}}

@proceedings{bondesan2019learning,
	Author = {Bondesan, Roberto and Lamacraft, Austen},
	Date-Added = {2019-11-10 16:22:54 +0000},
	Date-Modified = {2019-11-10 16:25:12 +0000},
	Journal = {arXiv preprint arXiv:1906.04645},
	Title = {Learning Symmetries of Classical Integrable Systems},
	Year = {2019}}

@incollection{LAMACRAFT2012177,
	Abstract = {Abstract
This chapter seeks to outline a few basic problems in quantum statistical physics, where recent experimental advances from the atomic physics community offer the hope of dramatic progress. The focus is on nonequilibrium situations, where the powerful concepts and methods of equilibrium statistical physics and {\^a}linear response{\^a} theory (for small deviations from equilibrium) are not applicable. The problems discussed here are chosen in part because they have a high degree of {\^a}universality{\^a} or generality across different microscopic situations, as the major challenge in nonequilibrium statistical physics, both quantum and classical, has been to find principles as general as the basic principles of equilibrium statistical physics or linear response.},
	Author = {Austen Lamacraft and Joel Moore},
	Booktitle = {Ultracold Bosonic and Fermionic Gases},
	Date-Added = {2019-11-10 16:19:26 +0000},
	Date-Modified = {2019-11-10 16:19:26 +0000},
	Doi = {https://doi.org/10.1016/B978-0-444-53857-4.00007-6},
	Editor = {Kathryn Levin and Alexander L. Fetter and Dan M. Stamper-Kurn},
	Issn = {1572-0934},
	Keywords = {Bose gas, ultracold physics, quench, entanglement dynamics},
	Pages = {177 - 202},
	Publisher = {Elsevier},
	Series = {Contemporary Concepts of Condensed Matter Science},
	Title = {Chapter 7 - Potential Insights into Nonequilibrium Behavior from Atomic Physics},
	Url = {http://www.sciencedirect.com/science/article/pii/B9780444538574000076},
	Volume = {5},
	Year = {2012},
	Bdsk-Url-1 = {http://www.sciencedirect.com/science/article/pii/B9780444538574000076},
	Bdsk-Url-2 = {https://doi.org/10.1016/B978-0-444-53857-4.00007-6}}

@inbook{Lamacraft2002,
	Abstract = {Mechanisms of quantum phase coherence heavily influence spectral and transport properties of weakly disordered normal conductors. Such effects are manifest in weak and strong localization effects, and characteristic fluctuation phenomena. Over the past thirty years, theoretical progress in elucidating the mechanisms of quantum phase coherence in weakly disordered structures has been substantial: By now a consistent theory of weakly interacting disordered structures has been developed (For a review, see e.g., Refs. [1-3]).},
	Address = {Dordrecht},
	Author = {Lamacraft, A. and Simons, B. D.},
	Booktitle = {Strongly Correlated Fermions and Bosons in Low-Dimensional Disordered Systems},
	Date-Added = {2019-11-10 16:18:09 +0000},
	Date-Modified = {2019-11-10 16:18:09 +0000},
	Doi = {10.1007/978-94-010-0530-2_12},
	Editor = {Lerner, I. V. and Althsuler, B. L. and Fal'ko, V. I. and Giamarchi, T.},
	Isbn = {978-94-010-0530-2},
	Pages = {259--312},
	Publisher = {Springer Netherlands},
	Title = {Phase Coherence Phenomena in Disordered Superconductors},
	Url = {https://doi.org/10.1007/978-94-010-0530-2_12},
	Year = {2002},
	Bdsk-Url-1 = {https://doi.org/10.1007/978-94-010-0530-2_12}}

@article{Lamacraft_2004,
	Abstract = {When subject to a pair-breaking perturbation, the pairing susceptibility of a disordered superconductor exhibits substantial long-ranged mesoscopic fluctuations. Focusing on a thin film subject to a parallel magnetic field, it is proposed that the quantum phase transition to the bulk superconducting condensate may be pre-empted by the formation of a glass-like phase with multi-fractal correlations of a complex order parameter. Although not universal, we argue that such behaviour may be a common feature of quantum critical phenomena in disordered environments.},
	Author = {A Lamacraft and F M Marchetti and J S Meyer and R S Moir and B D Simons},
	Date-Added = {2019-11-10 16:16:17 +0000},
	Date-Modified = {2019-11-10 16:16:17 +0000},
	Doi = {10.1088/0305-4470/37/36/l01},
	Journal = {Journal of Physics A: Mathematical and General},
	Month = {aug},
	Number = {36},
	Pages = {L447--L452},
	Publisher = {{IOP} Publishing},
	Title = {Critical states in disordered superconducting films},
	Url = {https://doi.org/10.1088%2F0305-4470%2F37%2F36%2Fl01},
	Volume = {37},
	Year = 2004,
	Bdsk-Url-1 = {https://doi.org/10.1088%2F0305-4470%2F37%2F36%2Fl01},
	Bdsk-Url-2 = {https://doi.org/10.1088/0305-4470/37/36/l01}}

@article{PhysRevB.100.064309,
	Author = {Gopalakrishnan, Sarang and Lamacraft, Austen},
	Date-Added = {2019-11-10 16:14:29 +0000},
	Date-Modified = {2019-11-10 16:14:29 +0000},
	Doi = {10.1103/PhysRevB.100.064309},
	Issue = {6},
	Journal = {Phys. Rev. B},
	Month = {Aug},
	Numpages = {15},
	Pages = {064309},
	Publisher = {American Physical Society},
	Title = {Unitary circuits of finite depth and infinite width from quantum channels},
	Url = {https://link.aps.org/doi/10.1103/PhysRevB.100.064309},
	Volume = {100},
	Year = {2019},
	Bdsk-Url-1 = {https://link.aps.org/doi/10.1103/PhysRevB.100.064309},
	Bdsk-Url-2 = {https://doi.org/10.1103/PhysRevB.100.064309}}

@article{PhysRevB.100.060301,
	Author = {Friedman, Aaron J. and Vasseur, Romain and Lamacraft, Austen and Parameswaran, S. A.},
	Date-Added = {2019-11-10 16:14:20 +0000},
	Date-Modified = {2019-11-10 16:14:20 +0000},
	Doi = {10.1103/PhysRevB.100.060301},
	Issue = {6},
	Journal = {Phys. Rev. B},
	Month = {Aug},
	Numpages = {5},
	Pages = {060301},
	Publisher = {American Physical Society},
	Title = {Quantum Brownian motion in a quasiperiodic potential},
	Url = {https://link.aps.org/doi/10.1103/PhysRevB.100.060301},
	Volume = {100},
	Year = {2019},
	Bdsk-Url-1 = {https://link.aps.org/doi/10.1103/PhysRevB.100.060301},
	Bdsk-Url-2 = {https://doi.org/10.1103/PhysRevB.100.060301}}

@article{PhysRevB.98.195125,
	Author = {Rowlands, Daniel A. and Lamacraft, Austen},
	Date-Added = {2019-11-10 16:14:09 +0000},
	Date-Modified = {2019-11-10 16:14:09 +0000},
	Doi = {10.1103/PhysRevB.98.195125},
	Issue = {19},
	Journal = {Phys. Rev. B},
	Month = {Nov},
	Numpages = {11},
	Pages = {195125},
	Publisher = {American Physical Society},
	Title = {Noisy coupled qubits: Operator spreading and the Fredrickson-Andersen model},
	Url = {https://link.aps.org/doi/10.1103/PhysRevB.98.195125},
	Volume = {98},
	Year = {2018},
	Bdsk-Url-1 = {https://link.aps.org/doi/10.1103/PhysRevB.98.195125},
	Bdsk-Url-2 = {https://doi.org/10.1103/PhysRevB.98.195125}}

@article{PhysRevB.98.064302,
	Author = {Oakes, Tom and Powell, Stephen and Castelnovo, Claudio and Lamacraft, Austen and Garrahan, Juan P.},
	Date-Added = {2019-11-10 16:13:55 +0000},
	Date-Modified = {2019-11-10 16:13:55 +0000},
	Doi = {10.1103/PhysRevB.98.064302},
	Issue = {6},
	Journal = {Phys. Rev. B},
	Month = {Aug},
	Numpages = {13},
	Pages = {064302},
	Publisher = {American Physical Society},
	Title = {Phases of quantum dimers from ensembles of classical stochastic trajectories},
	Url = {https://link.aps.org/doi/10.1103/PhysRevB.98.064302},
	Volume = {98},
	Year = {2018},
	Bdsk-Url-1 = {https://link.aps.org/doi/10.1103/PhysRevB.98.064302},
	Bdsk-Url-2 = {https://doi.org/10.1103/PhysRevB.98.064302}}

@article{PhysRevA.97.043609,
	Author = {Mencia Uranga, B. and Lamacraft, Austen},
	Date-Added = {2019-11-10 16:13:44 +0000},
	Date-Modified = {2019-11-10 16:13:44 +0000},
	Doi = {10.1103/PhysRevA.97.043609},
	Issue = {4},
	Journal = {Phys. Rev. A},
	Month = {Apr},
	Numpages = {10},
	Pages = {043609},
	Publisher = {American Physical Society},
	Title = {Infinite lattices of vortex molecules in Rabi-coupled condensates},
	Url = {https://link.aps.org/doi/10.1103/PhysRevA.97.043609},
	Volume = {97},
	Year = {2018},
	Bdsk-Url-1 = {https://link.aps.org/doi/10.1103/PhysRevA.97.043609},
	Bdsk-Url-2 = {https://doi.org/10.1103/PhysRevA.97.043609}}

@article{PhysRevLett.120.090401,
	Author = {Rowlands, Daniel A. and Lamacraft, Austen},
	Date-Added = {2019-11-10 16:13:33 +0000},
	Date-Modified = {2019-11-10 16:13:33 +0000},
	Doi = {10.1103/PhysRevLett.120.090401},
	Issue = {9},
	Journal = {Phys. Rev. Lett.},
	Month = {Feb},
	Numpages = {5},
	Pages = {090401},
	Publisher = {American Physical Society},
	Title = {Noisy Spins and the Richardson-Gaudin Model},
	Url = {https://link.aps.org/doi/10.1103/PhysRevLett.120.090401},
	Volume = {120},
	Year = {2018},
	Bdsk-Url-1 = {https://link.aps.org/doi/10.1103/PhysRevLett.120.090401},
	Bdsk-Url-2 = {https://doi.org/10.1103/PhysRevLett.120.090401}}

@article{PhysRevB.95.224512,
	Author = {Lamacraft, Austen},
	Date-Added = {2019-11-10 16:13:22 +0000},
	Date-Modified = {2019-11-10 16:13:22 +0000},
	Doi = {10.1103/PhysRevB.95.224512},
	Issue = {22},
	Journal = {Phys. Rev. B},
	Month = {Jun},
	Numpages = {10},
	Pages = {224512},
	Publisher = {American Physical Society},
	Title = {Persistent currents in ferromagnetic condensates},
	Url = {https://link.aps.org/doi/10.1103/PhysRevB.95.224512},
	Volume = {95},
	Year = {2017},
	Bdsk-Url-1 = {https://link.aps.org/doi/10.1103/PhysRevB.95.224512},
	Bdsk-Url-2 = {https://doi.org/10.1103/PhysRevB.95.224512}}

@article{PhysRevB.90.241415,
	Author = {Price, Tom and Lamacraft, Austen},
	Date-Added = {2019-11-10 16:13:11 +0000},
	Date-Modified = {2019-11-10 16:13:11 +0000},
	Doi = {10.1103/PhysRevB.90.241415},
	Issue = {24},
	Journal = {Phys. Rev. B},
	Month = {Dec},
	Numpages = {5},
	Pages = {241415},
	Publisher = {American Physical Society},
	Title = {Fine structure of the phonon in one dimension from quantum hydrodynamics},
	Url = {https://link.aps.org/doi/10.1103/PhysRevB.90.241415},
	Volume = {90},
	Year = {2014},
	Bdsk-Url-1 = {https://link.aps.org/doi/10.1103/PhysRevB.90.241415},
	Bdsk-Url-2 = {https://doi.org/10.1103/PhysRevB.90.241415}}

@article{PhysRevA.88.021603,
	Author = {Kulkarni, Manas and Lamacraft, Austen},
	Date-Added = {2019-11-10 16:13:01 +0000},
	Date-Modified = {2019-11-10 16:13:01 +0000},
	Doi = {10.1103/PhysRevA.88.021603},
	Issue = {2},
	Journal = {Phys. Rev. A},
	Month = {Aug},
	Numpages = {4},
	Pages = {021603},
	Publisher = {American Physical Society},
	Title = {Finite-temperature dynamical structure factor of the one-dimensional Bose gas: From the Gross-Pitaevskii equation to the Kardar-Parisi-Zhang universality class of dynamical critical phenomena},
	Url = {https://link.aps.org/doi/10.1103/PhysRevA.88.021603},
	Volume = {88},
	Year = {2013},
	Bdsk-Url-1 = {https://link.aps.org/doi/10.1103/PhysRevA.88.021603},
	Bdsk-Url-2 = {https://doi.org/10.1103/PhysRevA.88.021603}}

@article{PhysRevA.87.012707,
	Author = {Lamacraft, Austen},
	Date-Added = {2019-11-10 16:12:50 +0000},
	Date-Modified = {2019-11-10 16:12:50 +0000},
	Doi = {10.1103/PhysRevA.87.012707},
	Issue = {1},
	Journal = {Phys. Rev. A},
	Month = {Jan},
	Numpages = {10},
	Pages = {012707},
	Publisher = {American Physical Society},
	Title = {Diffractive scattering of three particles in one dimension: A simple result for weak violations of the Yang-Baxter equation},
	Url = {https://link.aps.org/doi/10.1103/PhysRevA.87.012707},
	Volume = {87},
	Year = {2013},
	Bdsk-Url-1 = {https://link.aps.org/doi/10.1103/PhysRevA.87.012707},
	Bdsk-Url-2 = {https://doi.org/10.1103/PhysRevA.87.012707}}

@article{PhysRevLett.108.207001,
	Author = {Schecter, M. and Kamenev, A. and Gangardt, D. M. and Lamacraft, A.},
	Date-Added = {2019-11-10 16:12:40 +0000},
	Date-Modified = {2019-11-10 16:12:40 +0000},
	Doi = {10.1103/PhysRevLett.108.207001},
	Issue = {20},
	Journal = {Phys. Rev. Lett.},
	Month = {May},
	Numpages = {5},
	Pages = {207001},
	Publisher = {American Physical Society},
	Title = {Critical Velocity of a Mobile Impurity in One-Dimensional Quantum Liquids},
	Url = {https://link.aps.org/doi/10.1103/PhysRevLett.108.207001},
	Volume = {108},
	Year = {2012},
	Bdsk-Url-1 = {https://link.aps.org/doi/10.1103/PhysRevLett.108.207001},
	Bdsk-Url-2 = {https://doi.org/10.1103/PhysRevLett.108.207001}}

@article{PhysRevA.84.061604,
	Author = {Gopalakrishnan, Sarang and Lamacraft, Austen and Goldbart, Paul M.},
	Date-Added = {2019-11-10 16:12:28 +0000},
	Date-Modified = {2019-11-10 16:12:28 +0000},
	Doi = {10.1103/PhysRevA.84.061604},
	Issue = {6},
	Journal = {Phys. Rev. A},
	Month = {Dec},
	Numpages = {5},
	Pages = {061604},
	Publisher = {American Physical Society},
	Title = {Universal phase structure of dilute Bose gases with Rashba spin-orbit coupling},
	Url = {https://link.aps.org/doi/10.1103/PhysRevA.84.061604},
	Volume = {84},
	Year = {2011},
	Bdsk-Url-1 = {https://link.aps.org/doi/10.1103/PhysRevA.84.061604},
	Bdsk-Url-2 = {https://doi.org/10.1103/PhysRevA.84.061604}}

@article{PhysRevLett.107.240601,
	Author = {Shi, Yifei and Lamacraft, Austen and Fendley, Paul},
	Date-Added = {2019-11-10 16:12:17 +0000},
	Date-Modified = {2019-11-10 16:12:17 +0000},
	Doi = {10.1103/PhysRevLett.107.240601},
	Issue = {24},
	Journal = {Phys. Rev. Lett.},
	Month = {Dec},
	Numpages = {5},
	Pages = {240601},
	Publisher = {American Physical Society},
	Title = {Boson Pairing and Unusual Criticality in a Generalized $XY$ Model},
	Url = {https://link.aps.org/doi/10.1103/PhysRevLett.107.240601},
	Volume = {107},
	Year = {2011},
	Bdsk-Url-1 = {https://link.aps.org/doi/10.1103/PhysRevLett.107.240601},
	Bdsk-Url-2 = {https://doi.org/10.1103/PhysRevLett.107.240601}}

@article{PhysRevA.84.043632,
	Author = {Lamacraft, Austen},
	Date-Added = {2019-11-10 16:12:03 +0000},
	Date-Modified = {2019-11-10 16:12:03 +0000},
	Doi = {10.1103/PhysRevA.84.043632},
	Issue = {4},
	Journal = {Phys. Rev. A},
	Month = {Oct},
	Numpages = {4},
	Pages = {043632},
	Publisher = {American Physical Society},
	Title = {Noise correlations in the expansion of an interacting one-dimensional Bose gas from a regular array},
	Url = {https://link.aps.org/doi/10.1103/PhysRevA.84.043632},
	Volume = {84},
	Year = {2011},
	Bdsk-Url-1 = {https://link.aps.org/doi/10.1103/PhysRevA.84.043632},
	Bdsk-Url-2 = {https://doi.org/10.1103/PhysRevA.84.043632}}

@article{PhysRevLett.106.140402,
	Author = {James, A. J. A. and Lamacraft, A.},
	Date-Added = {2019-11-10 16:11:40 +0000},
	Date-Modified = {2019-11-10 16:11:40 +0000},
	Doi = {10.1103/PhysRevLett.106.140402},
	Issue = {14},
	Journal = {Phys. Rev. Lett.},
	Month = {Apr},
	Numpages = {4},
	Pages = {140402},
	Publisher = {American Physical Society},
	Title = {Phase Diagram of Two-Dimensional Polar Condensates in a Magnetic Field},
	Url = {https://link.aps.org/doi/10.1103/PhysRevLett.106.140402},
	Volume = {106},
	Year = {2011},
	Bdsk-Url-1 = {https://link.aps.org/doi/10.1103/PhysRevLett.106.140402},
	Bdsk-Url-2 = {https://doi.org/10.1103/PhysRevLett.106.140402}}

@article{PhysRevA.83.033605,
	Author = {Lamacraft, Austen},
	Date-Added = {2019-11-10 16:11:17 +0000},
	Date-Modified = {2019-11-10 16:11:17 +0000},
	Doi = {10.1103/PhysRevA.83.033605},
	Issue = {3},
	Journal = {Phys. Rev. A},
	Month = {Mar},
	Numpages = {14},
	Pages = {033605},
	Publisher = {American Physical Society},
	Title = {Spin-1 microcondensate in a magnetic field},
	Url = {https://link.aps.org/doi/10.1103/PhysRevA.83.033605},
	Volume = {83},
	Year = {2011},
	Bdsk-Url-1 = {https://link.aps.org/doi/10.1103/PhysRevA.83.033605},
	Bdsk-Url-2 = {https://doi.org/10.1103/PhysRevA.83.033605}}

@article{PhysRevB.81.184526,
	Author = {Lamacraft, Austen},
	Date-Added = {2019-11-10 16:11:03 +0000},
	Date-Modified = {2019-11-10 16:11:03 +0000},
	Doi = {10.1103/PhysRevB.81.184526},
	Issue = {18},
	Journal = {Phys. Rev. B},
	Month = {May},
	Numpages = {11},
	Pages = {184526},
	Publisher = {American Physical Society},
	Title = {Low-energy dynamics of spinor condensates},
	Url = {https://link.aps.org/doi/10.1103/PhysRevB.81.184526},
	Volume = {81},
	Year = {2010},
	Bdsk-Url-1 = {https://link.aps.org/doi/10.1103/PhysRevB.81.184526},
	Bdsk-Url-2 = {https://doi.org/10.1103/PhysRevB.81.184526}}

@article{PhysRevB.72.075316,
	Author = {Brouwer, Piet W. and Lamacraft, Austen and Flensberg, Karsten},
	Date-Added = {2019-11-10 16:10:04 +0000},
	Date-Modified = {2019-11-10 16:10:04 +0000},
	Doi = {10.1103/PhysRevB.72.075316},
	Issue = {7},
	Journal = {Phys. Rev. B},
	Month = {Aug},
	Numpages = {29},
	Pages = {075316},
	Publisher = {American Physical Society},
	Title = {Nonequilibrium theory of Coulomb blockade in open quantum dots},
	Url = {https://link.aps.org/doi/10.1103/PhysRevB.72.075316},
	Volume = {72},
	Year = {2005},
	Bdsk-Url-1 = {https://link.aps.org/doi/10.1103/PhysRevB.72.075316},
	Bdsk-Url-2 = {https://doi.org/10.1103/PhysRevB.72.075316}}

@article{PhysRevLett.104.190403,
	Author = {James, A. J. A. and Lamacraft, A.},
	Date-Added = {2019-11-10 16:08:17 +0000},
	Date-Modified = {2019-11-10 16:08:17 +0000},
	Doi = {10.1103/PhysRevLett.104.190403},
	Issue = {19},
	Journal = {Phys. Rev. Lett.},
	Month = {May},
	Numpages = {4},
	Pages = {190403},
	Publisher = {American Physical Society},
	Title = {Non-Fermi-Liquid Fixed Point for an Imbalanced Gas of Fermions in $1+ϵ$ Dimensions},
	Url = {https://link.aps.org/doi/10.1103/PhysRevLett.104.190403},
	Volume = {104},
	Year = {2010},
	Bdsk-Url-1 = {https://link.aps.org/doi/10.1103/PhysRevLett.104.190403},
	Bdsk-Url-2 = {https://doi.org/10.1103/PhysRevLett.104.190403}}

@article{PhysRevB.79.241105,
	Author = {Lamacraft, Austen},
	Date-Added = {2019-11-02 23:09:42 +0000},
	Date-Modified = {2019-11-02 23:09:42 +0000},
	Doi = {10.1103/PhysRevB.79.241105},
	Issue = {24},
	Journal = {Phys. Rev. B},
	Month = {Jun},
	Numpages = {4},
	Pages = {241105},
	Publisher = {American Physical Society},
	Title = {Dispersion relation and spectral function of an impurity in a one-dimensional quantum liquid},
	Url = {https://link.aps.org/doi/10.1103/PhysRevB.79.241105},
	Volume = {79},
	Year = {2009},
	Bdsk-Url-1 = {https://link.aps.org/doi/10.1103/PhysRevB.79.241105},
	Bdsk-Url-2 = {https://doi.org/10.1103/PhysRevB.79.241105}}

@article{PhysRevLett.101.225301,
	Author = {Lamacraft, Austen},
	Date-Added = {2019-11-02 23:09:18 +0000},
	Date-Modified = {2019-11-02 23:09:18 +0000},
	Doi = {10.1103/PhysRevLett.101.225301},
	Issue = {22},
	Journal = {Phys. Rev. Lett.},
	Month = {Nov},
	Numpages = {4},
	Pages = {225301},
	Publisher = {American Physical Society},
	Title = {Kondo Polarons in a One-Dimensional Fermi Gas},
	Url = {https://link.aps.org/doi/10.1103/PhysRevLett.101.225301},
	Volume = {101},
	Year = {2008},
	Bdsk-Url-1 = {https://link.aps.org/doi/10.1103/PhysRevLett.101.225301},
	Bdsk-Url-2 = {https://doi.org/10.1103/PhysRevLett.101.225301}}

@article{PhysRevA.78.033614,
	Author = {Veillette, Martin and Moon, Eun Gook and Lamacraft, Austen and Radzihovsky, Leo and Sachdev, Subir and Sheehy, D. E.},
	Date-Added = {2019-11-02 23:06:18 +0000},
	Date-Modified = {2019-11-02 23:06:18 +0000},
	Doi = {10.1103/PhysRevA.78.033614},
	Issue = {3},
	Journal = {Phys. Rev. A},
	Month = {Sep},
	Numpages = {9},
	Pages = {033614},
	Publisher = {American Physical Society},
	Title = {Radio-frequency spectroscopy of a strongly imbalanced Feshbach-resonant Fermi gas},
	Url = {https://link.aps.org/doi/10.1103/PhysRevA.78.033614},
	Volume = {78},
	Year = {2008},
	Bdsk-Url-1 = {https://link.aps.org/doi/10.1103/PhysRevA.78.033614},
	Bdsk-Url-2 = {https://doi.org/10.1103/PhysRevA.78.033614}}

@article{PhysRevA.77.063622,
	Author = {Lamacraft, Austen},
	Date-Added = {2019-11-02 23:05:46 +0000},
	Date-Modified = {2019-11-02 23:05:46 +0000},
	Doi = {10.1103/PhysRevA.77.063622},
	Issue = {6},
	Journal = {Phys. Rev. A},
	Month = {Jun},
	Numpages = {4},
	Pages = {063622},
	Publisher = {American Physical Society},
	Title = {Long-wavelength spin dynamics of ferromagnetic condensates},
	Url = {https://link.aps.org/doi/10.1103/PhysRevA.77.063622},
	Volume = {77},
	Year = {2008},
	Bdsk-Url-1 = {https://link.aps.org/doi/10.1103/PhysRevA.77.063622},
	Bdsk-Url-2 = {https://doi.org/10.1103/PhysRevA.77.063622}}

@article{PhysRevLett.100.165706,
	Author = {Lamacraft, Austen and Fendley, Paul},
	Date-Added = {2019-11-02 23:05:22 +0000},
	Date-Modified = {2019-11-02 23:05:22 +0000},
	Doi = {10.1103/PhysRevLett.100.165706},
	Issue = {16},
	Journal = {Phys. Rev. Lett.},
	Month = {Apr},
	Numpages = {4},
	Pages = {165706},
	Publisher = {American Physical Society},
	Title = {Order Parameter Statistics in the Critical Quantum Ising Chain},
	Url = {https://link.aps.org/doi/10.1103/PhysRevLett.100.165706},
	Volume = {100},
	Year = {2008},
	Bdsk-Url-1 = {https://link.aps.org/doi/10.1103/PhysRevLett.100.165706},
	Bdsk-Url-2 = {https://doi.org/10.1103/PhysRevLett.100.165706}}

@article{PhysRevB.77.014511,
	Author = {Lamacraft, A. and Marchetti, F. M.},
	Date-Added = {2019-11-02 22:08:03 +0000},
	Date-Modified = {2019-11-02 22:08:03 +0000},
	Doi = {10.1103/PhysRevB.77.014511},
	Issue = {1},
	Journal = {Phys. Rev. B},
	Month = {Jan},
	Numpages = {5},
	Pages = {014511},
	Publisher = {American Physical Society},
	Title = {Spinodal decomposition in polarized Fermi superfluids},
	Url = {https://link.aps.org/doi/10.1103/PhysRevB.77.014511},
	Volume = {77},
	Year = {2008},
	Bdsk-Url-1 = {https://link.aps.org/doi/10.1103/PhysRevB.77.014511},
	Bdsk-Url-2 = {https://doi.org/10.1103/PhysRevB.77.014511}}

@article{PhysRevA.76.011603,
	Author = {Lamacraft, Austen},
	Date-Added = {2019-11-02 22:07:28 +0000},
	Date-Modified = {2019-11-02 22:07:28 +0000},
	Doi = {10.1103/PhysRevA.76.011603},
	Issue = {1},
	Journal = {Phys. Rev. A},
	Month = {Jul},
	Numpages = {4},
	Pages = {011603},
	Publisher = {American Physical Society},
	Title = {Noise and counting statistics of insulating phases in one-dimensional optical lattices},
	Url = {https://link.aps.org/doi/10.1103/PhysRevA.76.011603},
	Volume = {76},
	Year = {2007},
	Bdsk-Url-1 = {https://link.aps.org/doi/10.1103/PhysRevA.76.011603},
	Bdsk-Url-2 = {https://doi.org/10.1103/PhysRevA.76.011603}}

@article{PhysRevLett.98.160402,
	Author = {Parish, M. M. and Marchetti, F. M. and Lamacraft, A. and Simons, B. D.},
	Date-Added = {2019-11-02 22:07:05 +0000},
	Date-Modified = {2019-11-02 22:07:05 +0000},
	Doi = {10.1103/PhysRevLett.98.160402},
	Issue = {16},
	Journal = {Phys. Rev. Lett.},
	Month = {Apr},
	Numpages = {4},
	Pages = {160402},
	Publisher = {American Physical Society},
	Title = {Polarized Fermi Condensates with Unequal Masses: Tuning the Tricritical Point},
	Url = {https://link.aps.org/doi/10.1103/PhysRevLett.98.160402},
	Volume = {98},
	Year = {2007},
	Bdsk-Url-1 = {https://link.aps.org/doi/10.1103/PhysRevLett.98.160402},
	Bdsk-Url-2 = {https://doi.org/10.1103/PhysRevLett.98.160402}}

@article{PhysRevLett.98.160404,
	Author = {Lamacraft, Austen},
	Date-Added = {2019-11-02 22:06:51 +0000},
	Date-Modified = {2019-11-02 22:06:51 +0000},
	Doi = {10.1103/PhysRevLett.98.160404},
	Issue = {16},
	Journal = {Phys. Rev. Lett.},
	Month = {Apr},
	Numpages = {4},
	Pages = {160404},
	Publisher = {American Physical Society},
	Title = {Quantum Quenches in a Spinor Condensate},
	Url = {https://link.aps.org/doi/10.1103/PhysRevLett.98.160404},
	Volume = {98},
	Year = {2007},
	Bdsk-Url-1 = {https://link.aps.org/doi/10.1103/PhysRevLett.98.160404},
	Bdsk-Url-2 = {https://doi.org/10.1103/PhysRevLett.98.160404}}

@article{PhysRevA.73.011602,
	Author = {Lamacraft, A.},
	Date-Added = {2019-11-02 22:05:55 +0000},
	Date-Modified = {2019-11-02 22:05:55 +0000},
	Doi = {10.1103/PhysRevA.73.011602},
	Issue = {1},
	Journal = {Phys. Rev. A},
	Month = {Jan},
	Numpages = {4},
	Pages = {011602},
	Publisher = {American Physical Society},
	Title = {Particle correlations in a Fermi superfluid},
	Url = {https://link.aps.org/doi/10.1103/PhysRevA.73.011602},
	Volume = {73},
	Year = {2006},
	Bdsk-Url-1 = {https://link.aps.org/doi/10.1103/PhysRevA.73.011602},
	Bdsk-Url-2 = {https://doi.org/10.1103/PhysRevA.73.011602}}

@article{PhysRevLett.94.136801,
	Author = {Brouwer, Piet W. and Lamacraft, Austen and Flensberg, Karsten},
	Date-Added = {2019-11-02 22:05:06 +0000},
	Date-Modified = {2019-11-02 22:05:06 +0000},
	Doi = {10.1103/PhysRevLett.94.136801},
	Issue = {13},
	Journal = {Phys. Rev. Lett.},
	Month = {Apr},
	Numpages = {4},
	Pages = {136801},
	Publisher = {American Physical Society},
	Title = {Weak Coulomb Blockade Effect in Quantum Dots},
	Url = {https://link.aps.org/doi/10.1103/PhysRevLett.94.136801},
	Volume = {94},
	Year = {2005},
	Bdsk-Url-1 = {https://link.aps.org/doi/10.1103/PhysRevLett.94.136801},
	Bdsk-Url-2 = {https://doi.org/10.1103/PhysRevLett.94.136801}}

@article{PhysRevB.70.075412,
	Author = {Lamacraft, A. and Simons, B. D. and Zirnbauer, M. R.},
	Date-Added = {2019-11-02 22:04:44 +0000},
	Date-Modified = {2019-11-02 22:04:44 +0000},
	Doi = {10.1103/PhysRevB.70.075412},
	Issue = {7},
	Journal = {Phys. Rev. B},
	Month = {Aug},
	Numpages = {11},
	Pages = {075412},
	Publisher = {American Physical Society},
	Title = {Localization from $\ensuremath{\sigma}$-model geodesics},
	Url = {https://link.aps.org/doi/10.1103/PhysRevB.70.075412},
	Volume = {70},
	Year = {2004},
	Bdsk-Url-1 = {https://link.aps.org/doi/10.1103/PhysRevB.70.075412},
	Bdsk-Url-2 = {https://doi.org/10.1103/PhysRevB.70.075412}}

@article{PhysRevB.69.081301,
	Author = {Lamacraft, A.},
	Date-Added = {2019-11-02 22:04:20 +0000},
	Date-Modified = {2019-11-02 22:04:20 +0000},
	Doi = {10.1103/PhysRevB.69.081301},
	Issue = {8},
	Journal = {Phys. Rev. B},
	Month = {Feb},
	Numpages = {4},
	Pages = {081301},
	Publisher = {American Physical Society},
	Title = {Shot noise of spin-polarized electrons},
	Url = {https://link.aps.org/doi/10.1103/PhysRevB.69.081301},
	Volume = {69},
	Year = {2004},
	Bdsk-Url-1 = {https://link.aps.org/doi/10.1103/PhysRevB.69.081301},
	Bdsk-Url-2 = {https://doi.org/10.1103/PhysRevB.69.081301}}

@article{PhysRevLett.91.036804,
	Author = {Lamacraft, A.},
	Date-Added = {2019-11-02 22:04:03 +0000},
	Date-Modified = {2019-11-02 22:04:03 +0000},
	Doi = {10.1103/PhysRevLett.91.036804},
	Issue = {3},
	Journal = {Phys. Rev. Lett.},
	Month = {Jul},
	Numpages = {4},
	Pages = {036804},
	Publisher = {American Physical Society},
	Title = {Phase-Sensitive Noise in Quantum Dots under Periodic Perturbation},
	Url = {https://link.aps.org/doi/10.1103/PhysRevLett.91.036804},
	Volume = {91},
	Year = {2003},
	Bdsk-Url-1 = {https://link.aps.org/doi/10.1103/PhysRevLett.91.036804},
	Bdsk-Url-2 = {https://doi.org/10.1103/PhysRevLett.91.036804}}

@article{PhysRevB.64.014514,
	Author = {Lamacraft, A. and Simons, B. D.},
	Date-Added = {2019-11-02 21:58:43 +0000},
	Date-Modified = {2019-11-02 21:58:43 +0000},
	Doi = {10.1103/PhysRevB.64.014514},
	Issue = {1},
	Journal = {Phys. Rev. B},
	Month = {Jun},
	Numpages = {16},
	Pages = {014514},
	Publisher = {American Physical Society},
	Title = {Superconductors with magnetic impurities: Instantons and subgap states},
	Url = {https://link.aps.org/doi/10.1103/PhysRevB.64.014514},
	Volume = {64},
	Year = {2001},
	Bdsk-Url-1 = {https://link.aps.org/doi/10.1103/PhysRevB.64.014514},
	Bdsk-Url-2 = {https://doi.org/10.1103/PhysRevB.64.014514}}

@article{PhysRevLett.85.4783,
	Author = {Lamacraft, A. and Simons, B. D.},
	Date-Added = {2019-11-02 21:57:57 +0000},
	Date-Modified = {2019-11-02 21:57:57 +0000},
	Doi = {10.1103/PhysRevLett.85.4783},
	Issue = {22},
	Journal = {Phys. Rev. Lett.},
	Month = {Nov},
	Numpages = {0},
	Pages = {4783--4786},
	Publisher = {American Physical Society},
	Title = {Tail States in a Superconductor with Magnetic Impurities},
	Url = {https://link.aps.org/doi/10.1103/PhysRevLett.85.4783},
	Volume = {85},
	Year = {2000},
	Bdsk-Url-1 = {https://link.aps.org/doi/10.1103/PhysRevLett.85.4783},
	Bdsk-Url-2 = {https://doi.org/10.1103/PhysRevLett.85.4783}}
