%% This BibTeX bibliography file was created using BibDesk.
%% http://bibdesk.sourceforge.net/

%% Created for Austen Lamacraft at 2019-10-19 18:08:20 +0100 


%% Saved with string encoding Unicode (UTF-8) 



@article{parish2007finite,
	Author = {Parish, Meera M and Marchetti, FM and Lamacraft, A and Simons, BD},
	Journal = {Nature Physics},
	Number = {2},
	Pages = {124},
	Publisher = {Nature Publishing Group},
	Title = {Finite-temperature phase diagram of a polarized Fermi condensate},
	Volume = {3},
	Year = {2007}}

@article{parish2007polarized,
	Author = {Parish, Meera M and Marchetti, FM and Lamacraft, A and Simons, BD},
	Journal = {Physical review letters},
	Number = {16},
	Pages = {160402},
	Publisher = {American Physical Society},
	Title = {Polarized Fermi condensates with unequal masses: tuning the tricritical point},
	Volume = {98},
	Year = {2007}}

@article{brouwer2005nonequilibrium,
	Author = {Brouwer, Piet W and Lamacraft, Austen and Flensberg, Karsten},
	Journal = {Physical Review B},
	Number = {7},
	Pages = {075316},
	Publisher = {APS},
	Title = {Nonequilibrium theory of Coulomb blockade in open quantum dots},
	Volume = {72},
	Year = {2005}}

@article{lamacraft2001superconductors,
	Author = {Lamacraft, A and Simons, BD},
	Journal = {Physical Review B},
	Number = {1},
	Pages = {014514},
	Publisher = {APS},
	Title = {Superconductors with magnetic impurities: Instantons and subgap states},
	Volume = {64},
	Year = {2001}}

@article{lamacraft2000tail,
	Author = {Lamacraft, A and Simons, BD},
	Journal = {Physical review letters},
	Number = {22},
	Pages = {4783},
	Publisher = {American Physical Society},
	Title = {Tail states in a superconductor with magnetic impurities},
	Volume = {85},
	Year = {2000}}

@article{lamacraft2004shot,
	Author = {Lamacraft, A},
	Journal = {Physical Review B},
	Number = {8},
	Pages = {081301},
	Publisher = {APS},
	Title = {Shot noise of spin-polarized electrons},
	Volume = {69},
	Year = {2004}}

@article{veillette2008radio,
	Author = {Veillette, Martin and Moon, Eun Gook and Lamacraft, Austen and Radzihovsky, Leo and Sachdev, Subir and Sheehy, DE},
	Journal = {Physical Review A},
	Number = {3},
	Pages = {033614},
	Publisher = {APS},
	Title = {Radio-frequency spectroscopy of a strongly imbalanced Feshbach-resonant Fermi gas},
	Volume = {78},
	Year = {2008}}

@article{lamacraft2008long,
	Author = {Lamacraft, Austen},
	Journal = {Physical Review A},
	Number = {6},
	Pages = {063622},
	Publisher = {APS},
	Title = {Long-wavelength spin dynamics of ferromagnetic condensates},
	Volume = {77},
	Year = {2008}}

@article{brouwer2005weak,
	Author = {Brouwer, Piet W and Lamacraft, Austen and Flensberg, Karsten},
	Journal = {Physical review letters},
	Number = {13},
	Pages = {136801},
	Publisher = {APS},
	Title = {Weak Coulomb blockade effect in quantum dots},
	Volume = {94},
	Year = {2005}}

@article{lamacraft2004localization,
	Author = {Lamacraft, A and Simons, BD and Zirnbauer, MR},
	Journal = {Physical Review B},
	Number = {7},
	Pages = {075412},
	Publisher = {APS},
	Title = {Localization from $\sigma$-model geodesics},
	Volume = {70},
	Year = {2004}}

@article{lamacraft2003phase,
	Author = {Lamacraft, A},
	Journal = {Physical review letters},
	Number = {3},
	Pages = {036804},
	Publisher = {American Physical Society},
	Title = {Phase-sensitive noise in quantum dots under periodic perturbation},
	Volume = {91},
	Year = {2003}}

@article{lamacraft2008spinodal,
	Author = {Lamacraft, A and Marchetti, FM},
	Journal = {Physical Review B},
	Number = {1},
	Pages = {014511},
	Publisher = {APS},
	Title = {Spinodal decomposition in polarized Fermi superfluids},
	Volume = {77},
	Year = {2008}}

@article{lamacraft2008kondo,
	Author = {Lamacraft, Austen},
	Journal = {Physical review letters},
	Number = {22},
	Pages = {225301},
	Publisher = {American Physical Society},
	Title = {Kondo polarons in a one-dimensional fermi gas},
	Volume = {101},
	Year = {2008}}

@article{lamacraft2008order,
	Author = {Lamacraft, Austen and Fendley, Paul},
	Journal = {Physical review letters},
	Number = {16},
	Pages = {165706},
	Publisher = {American Physical Society},
	Title = {Order parameter statistics in the critical quantum Ising chain},
	Volume = {100},
	Year = {2008}}

@article{lamacraft2009dispersion,
	Author = {Lamacraft, Austen},
	Journal = {Physical Review B},
	Number = {24},
	Pages = {241105},
	Publisher = {APS},
	Title = {Dispersion relation and spectral function of an impurity in a one-dimensional quantum liquid},
	Volume = {79},
	Year = {2009}}

@article{lamacraft2006particle,
	Author = {Lamacraft, Austen},
	Journal = {Physical Review A},
	Number = {1},
	Pages = {011602},
	Publisher = {APS},
	Title = {Particle correlations in a Fermi superfluid},
	Volume = {73},
	Year = {2006}}

@article{james2011phase,
	Author = {James, AJA and Lamacraft, A},
	Journal = {Physical review letters},
	Number = {14},
	Pages = {140402},
	Publisher = {American Physical Society},
	Title = {Phase diagram of two-dimensional polar condensates in a magnetic field},
	Volume = {106},
	Year = {2011}}

@article{lamacraft2007noise,
	Author = {Lamacraft, Austen},
	Journal = {Physical Review A},
	Number = {1},
	Pages = {011603},
	Publisher = {APS},
	Title = {Noise and counting statistics of insulating phases in one-dimensional optical lattices},
	Volume = {76},
	Year = {2007}}

@article{lamacraft2010low,
	Author = {Lamacraft, Austen},
	Journal = {Physical Review B},
	Number = {18},
	Pages = {184526},
	Publisher = {APS},
	Title = {Low-energy dynamics of spinor condensates},
	Volume = {81},
	Year = {2010}}

@article{james2010non,
	Author = {James, AJA and Lamacraft, Austen},
	Journal = {Physical review letters},
	Number = {19},
	Pages = {190403},
	Publisher = {American Physical Society},
	Title = {Non-fermi-liquid fixed point for an imbalanced gas of fermions in 1+ Ïµ dimensions},
	Volume = {104},
	Year = {2010}}

@article{lamacraft2004critical,
	Author = {Lamacraft, A and Marchetti, FM and Meyer, JS and Moir, RS and Simons, BD},
	Journal = {Journal of Physics A: Mathematical and General},
	Number = {36},
	Pages = {L447},
	Publisher = {IOP Publishing},
	Title = {Critical states in disordered superconducting films},
	Volume = {37},
	Year = {2004}}

@article{gopalakrishnan2011universal,
	Author = {Gopalakrishnan, Sarang and Lamacraft, Austen and Goldbart, Paul M},
	Journal = {Physical Review A},
	Number = {6},
	Pages = {061604},
	Publisher = {American Physical Society},
	Title = {Universal phase structure of dilute Bose gases with Rashba spin-orbit coupling},
	Volume = {84},
	Year = {2011}}

@article{shi2011boson,
	Author = {Shi, Yifei and Lamacraft, Austen and Fendley, Paul},
	Journal = {Physical review letters},
	Number = {24},
	Pages = {240601},
	Publisher = {American Physical Society},
	Title = {Boson Pairing and Unusual Criticality in a Generalized X Y Model},
	Volume = {107},
	Year = {2011}}

@article{schecter2012critical,
	Author = {Schecter, Michael and Kamenev, Alex and Gangardt, DM and Lamacraft, Austen},
	Journal = {Physical review letters},
	Number = {20},
	Pages = {207001},
	Publisher = {American Physical Society},
	Title = {Critical velocity of a mobile impurity in one-dimensional quantum liquids},
	Volume = {108},
	Year = {2012}}

@incollection{lamacraft2012potential,
	Author = {Lamacraft, Austen and Moore, Joel},
	Booktitle = {Contemporary Concepts of Condensed Matter Science},
	Pages = {177--202},
	Publisher = {Elsevier},
	Title = {Potential insights into nonequilibrium behavior from atomic physics},
	Volume = {5},
	Year = {2012}}

@article{lamacraft2011spin,
	Author = {Lamacraft, Austen},
	Journal = {Physical Review A},
	Number = {3},
	Pages = {033605},
	Publisher = {APS},
	Title = {Spin-1 microcondensate in a magnetic field},
	Volume = {83},
	Year = {2011}}

@article{parish2007general,
	Author = {Parish, MM and Marchetti, FM and Lamacraft, A and Simons, BD},
	Journal = {Physical Review Letters},
	Number = {16},
	Pages = {160402--160402},
	Publisher = {[Woodbury, NY, etc.] American Physical Society.},
	Title = {General Physics: Statistical and Quantum Mechanics, Quantum Information, etc-Polarized Fermi Condensates with Unequal Masses: Tuning the Tricritical Point},
	Volume = {98},
	Year = {2007}}

@article{lamacraft2011noise,
	Author = {Lamacraft, Austen},
	Journal = {Physical Review A},
	Number = {4},
	Pages = {043632},
	Publisher = {APS},
	Title = {Noise correlations in the expansion of an interacting one-dimensional Bose gas from a regular array},
	Volume = {84},
	Year = {2011}}

@incollection{lamacraft2002phase,
	Author = {Lamacraft, A and Simons, BD},
	Booktitle = {Strongly correlated fermions and bosons in low-dimensional disordered systems},
	Pages = {259--312},
	Publisher = {Springer, Dordrecht},
	Title = {Phase coherence phenomena in disordered superconductors},
	Year = {2002}}

@article{lamacraft2006cold,
	Author = {Lamacraft, Austen},
	Journal = {Lecture Notes, Oxford},
	Title = {Cold atoms for condensed matter theorists},
	Year = {2006}}

@article{kulkarni2013finite,
	Author = {Kulkarni, Manas and Lamacraft, Austen},
	Journal = {Physical Review A},
	Number = {2},
	Pages = {021603},
	Publisher = {American Physical Society},
	Title = {Finite-temperature dynamical structure factor of the one-dimensional Bose gas: From the Gross-Pitaevskii equation to the Kardar-Parisi-Zhang universality class of dynamical critical phenomena},
	Volume = {88},
	Year = {2013}}

@article{schecter2014dynamics,
	Author = {Schecter, Michael},
	Title = {Dynamics of mobile impurities in one-dimensional quantum liquids},
	Year = {2014}}

@article{lamacraft2012quantum,
	Author = {Lamacraft, Austen},
	Journal = {Nature Physics},
	Number = {4},
	Pages = {254},
	Publisher = {Nature Publishing Group},
	Title = {Quantum mechanics: State secrets squeezed},
	Volume = {8},
	Year = {2012}}

@article{lamacraft2013diffractive,
	Author = {Lamacraft, Austen},
	Journal = {Physical Review A},
	Number = {1},
	Pages = {012707},
	Publisher = {American Physical Society},
	Title = {Diffractive scattering of three particles in one dimension: A simple result for weak violations of the Yang-Baxter equation},
	Volume = {87},
	Year = {2013}}

@article{price2014fine,
	Author = {Price, Tom and Lamacraft, Austen},
	Journal = {Physical Review B},
	Number = {24},
	Pages = {241415},
	Publisher = {American Physical Society},
	Title = {Fine structure of the phonon in one dimension from quantum hydrodynamics},
	Volume = {90},
	Year = {2014}}

@article{lamacraft2015new,
	Author = {Lamacraft, Austen},
	Journal = {Science},
	Number = {6219},
	Pages = {232--233},
	Publisher = {American Association for the Advancement of Science},
	Title = {New SQUID on the Bloch},
	Volume = {347},
	Year = {2015}}

@phdthesis{lamacraft2002non,
	Author = {Lamacraft, Austen},
	School = {University of Cambridge},
	Title = {Non-perturbative and interaction phenomena in disordered superconductors},
	Year = {2002}}

@article{price2015quantum,
	Author = {Price, Tom and Lamacraft, Austen},
	Journal = {arXiv preprint arXiv:1509.08332},
	Title = {Quantum Hydrodynamics in One Dimension beyond the Luttinger Liquid},
	Year = {2015}}

@article{price2017nonlinear,
	Author = {Price, Tom and Kovrizhin, Dmitry and Lamacraft, Austen},
	Journal = {SciPost Physics},
	Number = {1},
	Publisher = {SciPost Foundation},
	Title = {Nonlinear Luttinger liquid: Exact result for the Green function in terms of the fourth Painlev{\'e} transcendent},
	Volume = {2},
	Year = {2017}}

@article{lamacraftfinite,
	Author = {Lamacraft, Austen},
	Title = {Finite temperature phase diagram of a polarized fermion condensate}}

@article{lamacraft2017persistent,
	Author = {Lamacraft, Austen},
	Journal = {Physical Review B},
	Number = {22},
	Pages = {224512},
	Publisher = {American Physical Society},
	Title = {Persistent currents in ferromagnetic condensates},
	Volume = {95},
	Year = {2017}}

@misc{lamacraft2012ultracold,
	Author = {Lamacraft, A and Moore, J},
	Publisher = {Elsevier},
	Title = {Ultracold bosonic and fermionic gases},
	Year = {2012}}

@article{rowlands2018noisy,
	Author = {Rowlands, Daniel A and Lamacraft, Austen},
	Journal = {Physical review letters},
	Number = {9},
	Pages = {090401},
	Publisher = {American Physical Society},
	Title = {Noisy Spins and the Richardson-Gaudin Model},
	Volume = {120},
	Year = {2018}}

@article{uranga2018infinite,
	Author = {Uranga, B Mencia and Lamacraft, Austen},
	Journal = {Physical Review A},
	Number = {4},
	Pages = {043609},
	Publisher = {American Physical Society},
	Title = {Infinite lattices of vortex molecules in Rabi-coupled condensates},
	Volume = {97},
	Year = {2018}}

@article{Rowlands:2018aa,
	Author = {Rowlands, Daniel A and Lamacraft, Austen},
	Date-Modified = {2019-10-19 12:58:40 +0100},
	Journal = {Physical Review B},
	Number = {19},
	Pages = {195125},
	Publisher = {American Physical Society},
	Title = {Noisy coupled qubits: Operator spreading and the Fredrickson-Andersen model},
	Volume = {98},
	Year = {2018}}

@article{oakes2018phases,
	Author = {Oakes, Tom and Powell, Stephen and Castelnovo, Claudio and Lamacraft, Austen and Garrahan, Juan P},
	Journal = {Physical Review B},
	Number = {6},
	Pages = {064302},
	Publisher = {American Physical Society},
	Title = {Phases of quantum dimers from ensembles of classical stochastic trajectories},
	Volume = {98},
	Year = {2018}}

@article{friedman2019quantum,
	Author = {Friedman, Aaron J and Vasseur, Romain and Lamacraft, Austen and Parameswaran, SA},
	Journal = {arXiv preprint arXiv:1901.02939},
	Title = {Quantum Brownian motion in a quasiperiodic potential},
	Year = {2019}}

@article{james2010phase,
	Author = {James, AJA and Lamacraft, A},
	Journal = {arXiv preprint arXiv:1009.0043},
	Title = {The phase diagram of 2D polar condensates in a magnetic field},
	Year = {2010}}

@article{gopalakrishnan2019unitary,
	Author = {Gopalakrishnan, Sarang and Lamacraft, Austen},
	Journal = {arXiv preprint arXiv:1903.11611},
	Title = {Unitary circuits of finite depth and infinite width from quantum channels},
	Year = {2019}}

@article{bondesan2019learning,
	Author = {Bondesan, Roberto and Lamacraft, Austen},
	Journal = {arXiv preprint arXiv:1906.04645},
	Title = {Learning Symmetries of Classical Integrable Systems},
	Year = {2019}}
