@article{lamacraft2010low,
 author = {Lamacraft, Austen},
 journal = {Physical Review B},
 number = {18},
 pages = {184526},
 publisher = {APS},
 title = {Low-energy dynamics of spinor condensates},
 volume = {81},
 year = {2010}
}

