@article{PhysRevB.79.241105,
 author = {Lamacraft, Austen},
 bdsk-url-1 = {https://link.aps.org/doi/10.1103/PhysRevB.79.241105},
 bdsk-url-2 = {https://doi.org/10.1103/PhysRevB.79.241105},
 date-added = {2019-11-02 23:09:42 +0000},
 date-modified = {2019-11-02 23:09:42 +0000},
 doi = {10.1103/PhysRevB.79.241105},
 issue = {24},
 journal = {Phys. Rev. B},
 month = {Jun},
 numpages = {4},
 pages = {241105},
 publisher = {American Physical Society},
 title = {Dispersion relation and spectral function of an impurity in a one-dimensional quantum liquid},
 url = {https://link.aps.org/doi/10.1103/PhysRevB.79.241105},
 volume = {79},
 year = {2009}
}

