@article{PhysRevA.84.043632,
 author = {Lamacraft, Austen},
 bdsk-url-1 = {https://link.aps.org/doi/10.1103/PhysRevA.84.043632},
 bdsk-url-2 = {https://doi.org/10.1103/PhysRevA.84.043632},
 date-added = {2019-11-10 16:12:03 +0000},
 date-modified = {2019-11-10 16:12:03 +0000},
 doi = {10.1103/PhysRevA.84.043632},
 issue = {4},
 journal = {Phys. Rev. A},
 month = {Oct},
 numpages = {4},
 pages = {043632},
 publisher = {American Physical Society},
 title = {Noise correlations in the expansion of an interacting one-dimensional Bose gas from a regular array},
 url = {https://link.aps.org/doi/10.1103/PhysRevA.84.043632},
 volume = {84},
 year = {2011}
}

