@article{lamacraft2004critical,
 author = {Lamacraft, A and Marchetti, FM and Meyer, JS and Moir, RS and Simons, BD},
 journal = {Journal of Physics A: Mathematical and General},
 number = {36},
 pages = {L447},
 publisher = {IOP Publishing},
 title = {Critical states in disordered superconducting films},
 volume = {37},
 year = {2004}
}

