@article{PhysRevA.78.033614,
 author = {Veillette, Martin and Moon, Eun Gook and Lamacraft, Austen and Radzihovsky, Leo and Sachdev, Subir and Sheehy, D. E.},
 bdsk-url-1 = {https://link.aps.org/doi/10.1103/PhysRevA.78.033614},
 bdsk-url-2 = {https://doi.org/10.1103/PhysRevA.78.033614},
 date-added = {2019-11-02 23:06:18 +0000},
 date-modified = {2019-11-02 23:06:18 +0000},
 doi = {10.1103/PhysRevA.78.033614},
 issue = {3},
 journal = {Phys. Rev. A},
 month = {Sep},
 numpages = {9},
 pages = {033614},
 publisher = {American Physical Society},
 title = {Radio-frequency spectroscopy of a strongly imbalanced Feshbach-resonant Fermi gas},
 url = {https://link.aps.org/doi/10.1103/PhysRevA.78.033614},
 volume = {78},
 year = {2008}
}

