@inproceedings{lamacraft2005damping,
 author = {Lamacraft, Austen},
 booktitle = {APS Meeting Abstracts},
 title = {Damping of amplitude modes in a neutral BCS superfluid},
 year = {2005}
}

