@article{lamacraft2008kondo,
 author = {Lamacraft, Austen},
 journal = {Physical review letters},
 number = {22},
 pages = {225301},
 publisher = {American Physical Society},
 title = {Kondo polarons in a one-dimensional fermi gas},
 volume = {101},
 year = {2008}
}

