@article{PhysRevA.84.061604,
 author = {Gopalakrishnan, Sarang and Lamacraft, Austen and Goldbart, Paul M.},
 bdsk-url-1 = {https://link.aps.org/doi/10.1103/PhysRevA.84.061604},
 bdsk-url-2 = {https://doi.org/10.1103/PhysRevA.84.061604},
 date-added = {2019-11-10 16:12:28 +0000},
 date-modified = {2019-11-10 16:12:28 +0000},
 doi = {10.1103/PhysRevA.84.061604},
 issue = {6},
 journal = {Phys. Rev. A},
 month = {Dec},
 numpages = {5},
 pages = {061604},
 publisher = {American Physical Society},
 title = {Universal phase structure of dilute Bose gases with Rashba spin-orbit coupling},
 url = {https://link.aps.org/doi/10.1103/PhysRevA.84.061604},
 volume = {84},
 year = {2011}
}

