@article{PhysRevLett.100.165706,
 author = {Lamacraft, Austen and Fendley, Paul},
 bdsk-url-1 = {https://link.aps.org/doi/10.1103/PhysRevLett.100.165706},
 bdsk-url-2 = {https://doi.org/10.1103/PhysRevLett.100.165706},
 date-added = {2019-11-02 23:05:22 +0000},
 date-modified = {2019-11-02 23:05:22 +0000},
 doi = {10.1103/PhysRevLett.100.165706},
 issue = {16},
 journal = {Phys. Rev. Lett.},
 month = {Apr},
 numpages = {4},
 pages = {165706},
 publisher = {American Physical Society},
 title = {Order Parameter Statistics in the Critical Quantum Ising Chain},
 url = {https://link.aps.org/doi/10.1103/PhysRevLett.100.165706},
 volume = {100},
 year = {2008}
}

