@article{PhysRevB.98.064302,
 author = {Oakes, Tom and Powell, Stephen and Castelnovo, Claudio and Lamacraft, Austen and Garrahan, Juan P.},
 bdsk-url-1 = {https://link.aps.org/doi/10.1103/PhysRevB.98.064302},
 bdsk-url-2 = {https://doi.org/10.1103/PhysRevB.98.064302},
 date-added = {2019-11-10 16:13:55 +0000},
 date-modified = {2019-11-10 16:13:55 +0000},
 doi = {10.1103/PhysRevB.98.064302},
 issue = {6},
 journal = {Phys. Rev. B},
 month = {Aug},
 numpages = {13},
 pages = {064302},
 publisher = {American Physical Society},
 title = {Phases of quantum dimers from ensembles of classical stochastic trajectories},
 url = {https://link.aps.org/doi/10.1103/PhysRevB.98.064302},
 volume = {98},
 year = {2018}
}

