@article{price2015quantum,
 author = {Price, Tom and Lamacraft, Austen},
 journal = {arXiv preprint arXiv:1509.08332},
 title = {Quantum Hydrodynamics in One Dimension beyond the Luttinger Liquid},
 year = {2015}
}

