@article{lamacraft2013diffractive,
 author = {Lamacraft, Austen},
 journal = {Physical Review A},
 number = {1},
 pages = {012707},
 publisher = {American Physical Society},
 title = {Diffractive scattering of three particles in one dimension: A simple result for weak violations of the Yang-Baxter equation},
 volume = {87},
 year = {2013}
}

