@article{PhysRevA.76.011603,
 author = {Lamacraft, Austen},
 bdsk-url-1 = {https://link.aps.org/doi/10.1103/PhysRevA.76.011603},
 bdsk-url-2 = {https://doi.org/10.1103/PhysRevA.76.011603},
 date-added = {2019-11-02 22:07:28 +0000},
 date-modified = {2019-11-02 22:07:28 +0000},
 doi = {10.1103/PhysRevA.76.011603},
 issue = {1},
 journal = {Phys. Rev. A},
 month = {Jul},
 numpages = {4},
 pages = {011603},
 publisher = {American Physical Society},
 title = {Noise and counting statistics of insulating phases in one-dimensional optical lattices},
 url = {https://link.aps.org/doi/10.1103/PhysRevA.76.011603},
 volume = {76},
 year = {2007}
}

