@article{PhysRevB.100.060301,
 author = {Friedman, Aaron J. and Vasseur, Romain and Lamacraft, Austen and Parameswaran, S. A.},
 bdsk-url-1 = {https://link.aps.org/doi/10.1103/PhysRevB.100.060301},
 bdsk-url-2 = {https://doi.org/10.1103/PhysRevB.100.060301},
 date-added = {2019-11-10 16:14:20 +0000},
 date-modified = {2019-11-10 16:14:20 +0000},
 doi = {10.1103/PhysRevB.100.060301},
 issue = {6},
 journal = {Phys. Rev. B},
 month = {Aug},
 numpages = {5},
 pages = {060301},
 publisher = {American Physical Society},
 title = {Quantum Brownian motion in a quasiperiodic potential},
 url = {https://link.aps.org/doi/10.1103/PhysRevB.100.060301},
 volume = {100},
 year = {2019}
}

