@article{lamacraft2001superconductors,
 author = {Lamacraft, A and Simons, BD},
 journal = {Physical Review B},
 number = {1},
 pages = {014514},
 publisher = {APS},
 title = {Superconductors with magnetic impurities: Instantons and subgap states},
 volume = {64},
 year = {2001}
}

