@inproceedings{lamacraft2001inhomogeneous,
 author = {Lamacraft, Austen},
 booktitle = {APS Meeting Abstracts},
 title = {Inhomogeneous quasiparticle states in disordered superconductors},
 year = {2001}
}

