@article{claeys2020maximum,
 author = {Claeys, Pieter W and Lamacraft, Austen},
 journal = {Physical Review Research},
 number = {3},
 pages = {033032},
 publisher = {APS},
 title = {Maximum velocity quantum circuits},
 volume = {2},
 year = {2020}
}

