@article{kulkarni2013finite,
 author = {Kulkarni, Manas and Lamacraft, Austen},
 journal = {Physical Review A},
 number = {2},
 pages = {021603},
 publisher = {American Physical Society},
 title = {Finite-temperature dynamical structure factor of the one-dimensional Bose gas: From the Gross-Pitaevskii equation to the Kardar-Parisi-Zhang universality class of dynamical critical phenomena},
 volume = {88},
 year = {2013}
}

