@article{gispen2020ground,
 author = {Gispen, Willem and Lamacraft, Austen},
 journal = {arXiv preprint arXiv:2012.07063},
 title = {Ground States of Quantum Many Body Lattice Models via Reinforcement Learning},
 year = {2020}
}

