@article{lamacraft2011noise,
 author = {Lamacraft, Austen},
 journal = {Physical Review A},
 number = {4},
 pages = {043632},
 publisher = {APS},
 title = {Noise correlations in the expansion of an interacting one-dimensional Bose gas from a regular array},
 volume = {84},
 year = {2011}
}

