@article{PhysRevA.88.021603,
 author = {Kulkarni, Manas and Lamacraft, Austen},
 bdsk-url-1 = {https://link.aps.org/doi/10.1103/PhysRevA.88.021603},
 bdsk-url-2 = {https://doi.org/10.1103/PhysRevA.88.021603},
 date-added = {2019-11-10 16:13:01 +0000},
 date-modified = {2019-11-10 16:13:01 +0000},
 doi = {10.1103/PhysRevA.88.021603},
 issue = {2},
 journal = {Phys. Rev. A},
 month = {Aug},
 numpages = {4},
 pages = {021603},
 publisher = {American Physical Society},
 title = {Finite-temperature dynamical structure factor of the one-dimensional Bose gas: From the Gross-Pitaevskii equation to the Kardar-Parisi-Zhang universality class of dynamical critical phenomena},
 url = {https://link.aps.org/doi/10.1103/PhysRevA.88.021603},
 volume = {88},
 year = {2013}
}

