@article{PhysRevLett.120.090401,
 author = {Rowlands, Daniel A. and Lamacraft, Austen},
 bdsk-url-1 = {https://link.aps.org/doi/10.1103/PhysRevLett.120.090401},
 bdsk-url-2 = {https://doi.org/10.1103/PhysRevLett.120.090401},
 date-added = {2019-11-10 16:13:33 +0000},
 date-modified = {2019-11-10 16:13:33 +0000},
 doi = {10.1103/PhysRevLett.120.090401},
 issue = {9},
 journal = {Phys. Rev. Lett.},
 month = {Feb},
 numpages = {5},
 pages = {090401},
 publisher = {American Physical Society},
 title = {Noisy Spins and the Richardson-Gaudin Model},
 url = {https://link.aps.org/doi/10.1103/PhysRevLett.120.090401},
 volume = {120},
 year = {2018}
}

