@article{lamacraft2008long,
 author = {Lamacraft, Austen},
 journal = {Physical Review A},
 number = {6},
 pages = {063622},
 publisher = {APS},
 title = {Long-wavelength spin dynamics of ferromagnetic condensates},
 volume = {77},
 year = {2008}
}

