@inproceedings{lamacraft2012self,
 author = {Lamacraft, Austen and Barnett, Ryan},
 booktitle = {APS March Meeting Abstracts},
 title = {Self-consistent theory of instabilities in the spin-1 Bose gas},
 year = {2012}
}

