@incollection{lamacraft2012potential,
 author = {Lamacraft, Austen and Moore, Joel},
 booktitle = {Contemporary Concepts of Condensed Matter Science},
 pages = {177--202},
 publisher = {Elsevier},
 title = {Potential insights into nonequilibrium behavior from atomic physics},
 volume = {5},
 year = {2012}
}

