@article{sun2011comment,
 author = {Sun, Jie and Cornelius, Sean P and Kath, William L and Motter, Adilson E},
 journal = {arXiv preprint arXiv:1108.5739},
 title = {Comment on" Controllability of Complex Networks with Nonlinear Dynamics"},
 year = {2011}
}

