@article{PhysRevLett.101.225301,
 author = {Lamacraft, Austen},
 bdsk-url-1 = {https://link.aps.org/doi/10.1103/PhysRevLett.101.225301},
 bdsk-url-2 = {https://doi.org/10.1103/PhysRevLett.101.225301},
 date-added = {2019-11-02 23:09:18 +0000},
 date-modified = {2019-11-02 23:09:18 +0000},
 doi = {10.1103/PhysRevLett.101.225301},
 issue = {22},
 journal = {Phys. Rev. Lett.},
 month = {Nov},
 numpages = {4},
 pages = {225301},
 publisher = {American Physical Society},
 title = {Kondo Polarons in a One-Dimensional Fermi Gas},
 url = {https://link.aps.org/doi/10.1103/PhysRevLett.101.225301},
 volume = {101},
 year = {2008}
}

