@inproceedings{lamacraft2006noise,
 author = {Lamacraft, Austen},
 booktitle = {APS Meeting Abstracts},
 title = {Noise and counting statistics in one-dimensional insulators},
 year = {2006}
}

