@article{barr2020quantum,
 author = {Ariel Barr and Willem Gispen and Austen Lamacraft},
 journal = {arXiv preprint 2006.09044},
 title = {Quantum Ground States from Reinforcement Learning},
 year = {2020}
}

