@article{PhysRevLett.107.240601,
 author = {Shi, Yifei and Lamacraft, Austen and Fendley, Paul},
 bdsk-url-1 = {https://link.aps.org/doi/10.1103/PhysRevLett.107.240601},
 bdsk-url-2 = {https://doi.org/10.1103/PhysRevLett.107.240601},
 date-added = {2019-11-10 16:12:17 +0000},
 date-modified = {2019-11-10 16:12:17 +0000},
 doi = {10.1103/PhysRevLett.107.240601},
 issue = {24},
 journal = {Phys. Rev. Lett.},
 month = {Dec},
 numpages = {5},
 pages = {240601},
 publisher = {American Physical Society},
 title = {Boson Pairing and Unusual Criticality in a Generalized $XY$ Model},
 url = {https://link.aps.org/doi/10.1103/PhysRevLett.107.240601},
 volume = {107},
 year = {2011}
}

