@article{PhysRevLett.91.036804,
 author = {Lamacraft, A.},
 bdsk-url-1 = {https://link.aps.org/doi/10.1103/PhysRevLett.91.036804},
 bdsk-url-2 = {https://doi.org/10.1103/PhysRevLett.91.036804},
 date-added = {2019-11-02 22:04:03 +0000},
 date-modified = {2019-11-02 22:04:03 +0000},
 doi = {10.1103/PhysRevLett.91.036804},
 issue = {3},
 journal = {Phys. Rev. Lett.},
 month = {Jul},
 numpages = {4},
 pages = {036804},
 publisher = {American Physical Society},
 title = {Phase-Sensitive Noise in Quantum Dots under Periodic Perturbation},
 url = {https://link.aps.org/doi/10.1103/PhysRevLett.91.036804},
 volume = {91},
 year = {2003}
}

