@article{james2010non,
 author = {James, AJA and Lamacraft, Austen},
 journal = {Physical review letters},
 number = {19},
 pages = {190403},
 publisher = {American Physical Society},
 title = {Non-fermi-liquid fixed point for an imbalanced gas of fermions in 1+ Ïµ dimensions},
 volume = {104},
 year = {2010}
}

