@article{claeys2021correlations,
 author = {Claeys, Pieter W and Herzog-Arbeitman, Jonah and Lamacraft, Austen},
 journal = {arXiv preprint arXiv:2106.00640},
 title = {Correlations and commuting transfer matrices in integrable unitary circuits},
 year = {2021}
}

