@article{lamacraftfinite,
 author = {Lamacraft, Austen},
 title = {Finite temperature phase diagram of a polarized fermion condensate}
}

