@incollection{lamacraft2002phase,
 author = {Lamacraft, A and Simons, BD},
 booktitle = {Strongly correlated fermions and bosons in low-dimensional disordered systems},
 pages = {259--312},
 publisher = {Springer, Dordrecht},
 title = {Phase coherence phenomena in disordered superconductors},
 year = {2002}
}

