@article{lamacraft2006cold,
 author = {Lamacraft, Austen},
 title = {Cold atoms Physics by the Lake 2006},
 year = {2006}
}

