@article{lamacraft2012quantum,
 author = {Lamacraft, Austen},
 journal = {Nature Physics},
 number = {4},
 pages = {254},
 publisher = {Nature Publishing Group},
 title = {Quantum mechanics: State secrets squeezed},
 volume = {8},
 year = {2012}
}

