@article{PhysRevB.98.195125,
 author = {Rowlands, Daniel A. and Lamacraft, Austen},
 bdsk-url-1 = {https://link.aps.org/doi/10.1103/PhysRevB.98.195125},
 bdsk-url-2 = {https://doi.org/10.1103/PhysRevB.98.195125},
 date-added = {2019-11-10 16:14:09 +0000},
 date-modified = {2019-11-10 16:14:09 +0000},
 doi = {10.1103/PhysRevB.98.195125},
 issue = {19},
 journal = {Phys. Rev. B},
 month = {Nov},
 numpages = {11},
 pages = {195125},
 publisher = {American Physical Society},
 title = {Noisy coupled qubits: Operator spreading and the Fredrickson-Andersen model},
 url = {https://link.aps.org/doi/10.1103/PhysRevB.98.195125},
 volume = {98},
 year = {2018}
}

