@article{PhysRevA.97.043609,
 author = {Mencia Uranga, B. and Lamacraft, Austen},
 bdsk-url-1 = {https://link.aps.org/doi/10.1103/PhysRevA.97.043609},
 bdsk-url-2 = {https://doi.org/10.1103/PhysRevA.97.043609},
 date-added = {2019-11-10 16:13:44 +0000},
 date-modified = {2019-11-10 16:13:44 +0000},
 doi = {10.1103/PhysRevA.97.043609},
 issue = {4},
 journal = {Phys. Rev. A},
 month = {Apr},
 numpages = {10},
 pages = {043609},
 publisher = {American Physical Society},
 title = {Infinite lattices of vortex molecules in Rabi-coupled condensates},
 url = {https://link.aps.org/doi/10.1103/PhysRevA.97.043609},
 volume = {97},
 year = {2018}
}

