@article{gopalakrishnan2011universal,
 author = {Gopalakrishnan, Sarang and Lamacraft, Austen and Goldbart, Paul M},
 journal = {Physical Review A},
 number = {6},
 pages = {061604},
 publisher = {American Physical Society},
 title = {Universal phase structure of dilute Bose gases with Rashba spin-orbit coupling},
 volume = {84},
 year = {2011}
}

