@inproceedings{brouwer2004adiabatic,
 author = {Brouwer, Piet and Flensberg, Karsten and Lamacraft, Austen},
 booktitle = {APS Meeting Abstracts},
 title = {Adiabatic quantum pumping in an open quantum dot with electron-electron interactions},
 year = {2004}
}

