@article{PhysRevB.72.075316,
 author = {Brouwer, Piet W. and Lamacraft, Austen and Flensberg, Karsten},
 bdsk-url-1 = {https://link.aps.org/doi/10.1103/PhysRevB.72.075316},
 bdsk-url-2 = {https://doi.org/10.1103/PhysRevB.72.075316},
 date-added = {2019-11-10 16:10:04 +0000},
 date-modified = {2019-11-10 16:10:04 +0000},
 doi = {10.1103/PhysRevB.72.075316},
 issue = {7},
 journal = {Phys. Rev. B},
 month = {Aug},
 numpages = {29},
 pages = {075316},
 publisher = {American Physical Society},
 title = {Nonequilibrium theory of Coulomb blockade in open quantum dots},
 url = {https://link.aps.org/doi/10.1103/PhysRevB.72.075316},
 volume = {72},
 year = {2005}
}

