@article{PhysRevB.100.064309,
 author = {Gopalakrishnan, Sarang and Lamacraft, Austen},
 bdsk-url-1 = {https://link.aps.org/doi/10.1103/PhysRevB.100.064309},
 bdsk-url-2 = {https://doi.org/10.1103/PhysRevB.100.064309},
 date-added = {2019-11-10 16:14:29 +0000},
 date-modified = {2019-11-10 16:14:29 +0000},
 doi = {10.1103/PhysRevB.100.064309},
 issue = {6},
 journal = {Phys. Rev. B},
 month = {Aug},
 numpages = {15},
 pages = {064309},
 publisher = {American Physical Society},
 title = {Unitary circuits of finite depth and infinite width from quantum channels},
 url = {https://link.aps.org/doi/10.1103/PhysRevB.100.064309},
 volume = {100},
 year = {2019}
}

