@article{PhysRevB.64.014514,
 author = {Lamacraft, A. and Simons, B. D.},
 bdsk-url-1 = {https://link.aps.org/doi/10.1103/PhysRevB.64.014514},
 bdsk-url-2 = {https://doi.org/10.1103/PhysRevB.64.014514},
 date-added = {2019-11-02 21:58:43 +0000},
 date-modified = {2019-11-02 21:58:43 +0000},
 doi = {10.1103/PhysRevB.64.014514},
 issue = {1},
 journal = {Phys. Rev. B},
 month = {Jun},
 numpages = {16},
 pages = {014514},
 publisher = {American Physical Society},
 title = {Superconductors with magnetic impurities: Instantons and subgap states},
 url = {https://link.aps.org/doi/10.1103/PhysRevB.64.014514},
 volume = {64},
 year = {2001}
}

