@phdthesis{lamacraft2002non,
 author = {Lamacraft, Austen},
 school = {University of Cambridge},
 title = {Non-perturbative and interaction phenomena in disordered superconductors},
 year = {2002}
}

