@article{lamacraft2000tail,
 author = {Lamacraft, A and Simons, BD},
 journal = {Physical review letters},
 number = {22},
 pages = {4783},
 publisher = {American Physical Society},
 title = {Tail states in a superconductor with magnetic impurities},
 volume = {85},
 year = {2000}
}

