@article{PhysRevB.77.014511,
 author = {Lamacraft, A. and Marchetti, F. M.},
 bdsk-url-1 = {https://link.aps.org/doi/10.1103/PhysRevB.77.014511},
 bdsk-url-2 = {https://doi.org/10.1103/PhysRevB.77.014511},
 date-added = {2019-11-02 22:08:03 +0000},
 date-modified = {2019-11-02 22:08:03 +0000},
 doi = {10.1103/PhysRevB.77.014511},
 issue = {1},
 journal = {Phys. Rev. B},
 month = {Jan},
 numpages = {5},
 pages = {014511},
 publisher = {American Physical Society},
 title = {Spinodal decomposition in polarized Fermi superfluids},
 url = {https://link.aps.org/doi/10.1103/PhysRevB.77.014511},
 volume = {77},
 year = {2008}
}

