@article{claeys2021dissipative,
 author = {Claeys, Pieter W and Lamacraft, Austen},
 journal = {arXiv preprint arXiv:2108.01677},
 title = {Dissipative dynamics in open XXZ Richardson-Gaudin models},
 year = {2021}
}

