@article{parish2007polarized,
 author = {Parish, Meera M and Marchetti, FM and Lamacraft, A and Simons, BD},
 journal = {Physical review letters},
 number = {16},
 pages = {160402},
 publisher = {American Physical Society},
 title = {Polarized Fermi condensates with unequal masses: tuning the tricritical point},
 volume = {98},
 year = {2007}
}

