@proceedings{bondesan2019learning,
 author = {Bondesan, Roberto and Lamacraft, Austen},
 date-added = {2019-11-10 16:22:54 +0000},
 date-modified = {2019-11-10 16:25:12 +0000},
 journal = {arXiv preprint arXiv:1906.04645},
 title = {Learning Symmetries of Classical Integrable Systems},
 year = {2019}
}

