@article{lamacraft2003phase,
 author = {Lamacraft, A},
 journal = {Physical review letters},
 number = {3},
 pages = {036804},
 publisher = {American Physical Society},
 title = {Phase-sensitive noise in quantum dots under periodic perturbation},
 volume = {91},
 year = {2003}
}

