@article{PhysRevB.70.075412,
 author = {Lamacraft, A. and Simons, B. D. and Zirnbauer, M. R.},
 bdsk-url-1 = {https://link.aps.org/doi/10.1103/PhysRevB.70.075412},
 bdsk-url-2 = {https://doi.org/10.1103/PhysRevB.70.075412},
 date-added = {2019-11-02 22:04:44 +0000},
 date-modified = {2019-11-02 22:04:44 +0000},
 doi = {10.1103/PhysRevB.70.075412},
 issue = {7},
 journal = {Phys. Rev. B},
 month = {Aug},
 numpages = {11},
 pages = {075412},
 publisher = {American Physical Society},
 title = {Localization from $\ensuremathÏƒ$-model geodesics},
 url = {https://link.aps.org/doi/10.1103/PhysRevB.70.075412},
 volume = {70},
 year = {2004}
}

