@article{price2014fine,
 author = {Price, Tom and Lamacraft, Austen},
 journal = {Physical Review B},
 number = {24},
 pages = {241415},
 publisher = {American Physical Society},
 title = {Fine structure of the phonon in one dimension from quantum hydrodynamics},
 volume = {90},
 year = {2014}
}

