@article{jain2021multimap,
 author = {Jain, Mika Sarkin and Polanski, Krzysztof and Conde, Cecilia Dominguez and Chen, Xi and Park, Jongeun and Mamanova, Lira and Knights, Andrew and Botting, Rachel and Stephenson, Emily and Haniffa, Muzlifah and others},
 journal = {bioRxiv},
 publisher = {Cold Spring Harbor Laboratory},
 title = {MultiMAP: Dimensionality Reduction and Integration of Multimodal Data},
 year = {2021}
}

