@article{PhysRevB.95.224512,
 author = {Lamacraft, Austen},
 bdsk-url-1 = {https://link.aps.org/doi/10.1103/PhysRevB.95.224512},
 bdsk-url-2 = {https://doi.org/10.1103/PhysRevB.95.224512},
 date-added = {2019-11-10 16:13:22 +0000},
 date-modified = {2019-11-10 16:13:22 +0000},
 doi = {10.1103/PhysRevB.95.224512},
 issue = {22},
 journal = {Phys. Rev. B},
 month = {Jun},
 numpages = {10},
 pages = {224512},
 publisher = {American Physical Society},
 title = {Persistent currents in ferromagnetic condensates},
 url = {https://link.aps.org/doi/10.1103/PhysRevB.95.224512},
 volume = {95},
 year = {2017}
}

