@article{PhysRevLett.94.136801,
 author = {Brouwer, Piet W. and Lamacraft, Austen and Flensberg, Karsten},
 bdsk-url-1 = {https://link.aps.org/doi/10.1103/PhysRevLett.94.136801},
 bdsk-url-2 = {https://doi.org/10.1103/PhysRevLett.94.136801},
 date-added = {2019-11-02 22:05:06 +0000},
 date-modified = {2019-11-02 22:05:06 +0000},
 doi = {10.1103/PhysRevLett.94.136801},
 issue = {13},
 journal = {Phys. Rev. Lett.},
 month = {Apr},
 numpages = {4},
 pages = {136801},
 publisher = {American Physical Society},
 title = {Weak Coulomb Blockade Effect in Quantum Dots},
 url = {https://link.aps.org/doi/10.1103/PhysRevLett.94.136801},
 volume = {94},
 year = {2005}
}

