@article{shi2011boson,
 author = {Shi, Yifei and Lamacraft, Austen and Fendley, Paul},
 journal = {Physical review letters},
 number = {24},
 pages = {240601},
 publisher = {American Physical Society},
 title = {Boson Pairing and Unusual Criticality in a Generalized X Y Model},
 volume = {107},
 year = {2011}
}

