@inproceedings{lamacraft2011hamiltonian,
 author = {Lamacraft, Austen},
 booktitle = {APS Meeting Abstracts},
 title = {Hamiltonian monodromy in the spectrum and dynamics of a spin-1 Bose condensate},
 year = {2011}
}

