@article{PhysRevB.90.241415,
 author = {Price, Tom and Lamacraft, Austen},
 bdsk-url-1 = {https://link.aps.org/doi/10.1103/PhysRevB.90.241415},
 bdsk-url-2 = {https://doi.org/10.1103/PhysRevB.90.241415},
 date-added = {2019-11-10 16:13:11 +0000},
 date-modified = {2019-11-10 16:13:11 +0000},
 doi = {10.1103/PhysRevB.90.241415},
 issue = {24},
 journal = {Phys. Rev. B},
 month = {Dec},
 numpages = {5},
 pages = {241415},
 publisher = {American Physical Society},
 title = {Fine structure of the phonon in one dimension from quantum hydrodynamics},
 url = {https://link.aps.org/doi/10.1103/PhysRevB.90.241415},
 volume = {90},
 year = {2014}
}

