@article{lamacraft2015new,
 author = {Lamacraft, Austen},
 journal = {Science},
 number = {6219},
 pages = {232--233},
 publisher = {American Association for the Advancement of Science},
 title = {New SQUID on the Bloch},
 volume = {347},
 year = {2015}
}

