@article{lamacraft2007noise,
 author = {Lamacraft, Austen},
 journal = {Physical Review A},
 number = {1},
 pages = {011603},
 publisher = {APS},
 title = {Noise and counting statistics of insulating phases in one-dimensional optical lattices},
 volume = {76},
 year = {2007}
}

