@article{PhysRevLett.98.160402,
 author = {Parish, M. M. and Marchetti, F. M. and Lamacraft, A. and Simons, B. D.},
 bdsk-url-1 = {https://link.aps.org/doi/10.1103/PhysRevLett.98.160402},
 bdsk-url-2 = {https://doi.org/10.1103/PhysRevLett.98.160402},
 date-added = {2019-11-02 22:07:05 +0000},
 date-modified = {2019-11-02 22:07:05 +0000},
 doi = {10.1103/PhysRevLett.98.160402},
 issue = {16},
 journal = {Phys. Rev. Lett.},
 month = {Apr},
 numpages = {4},
 pages = {160402},
 publisher = {American Physical Society},
 title = {Polarized Fermi Condensates with Unequal Masses: Tuning the Tricritical Point},
 url = {https://link.aps.org/doi/10.1103/PhysRevLett.98.160402},
 volume = {98},
 year = {2007}
}

