@article{schecter2014dynamics,
 author = {Schecter, Michael},
 title = {Dynamics of mobile impurities in one-dimensional quantum liquids},
 year = {2014}
}

