@article{lamacraft2004shot,
 author = {Lamacraft, A},
 journal = {Physical Review B},
 number = {8},
 pages = {081301},
 publisher = {APS},
 title = {Shot noise of spin-polarized electrons},
 volume = {69},
 year = {2004}
}

