@article{lamacraft2011spin,
 author = {Lamacraft, Austen},
 journal = {Physical Review A},
 number = {3},
 pages = {033605},
 publisher = {APS},
 title = {Spin-1 microcondensate in a magnetic field},
 volume = {83},
 year = {2011}
}

