@article{PhysRevA.73.011602,
 author = {Lamacraft, A.},
 bdsk-url-1 = {https://link.aps.org/doi/10.1103/PhysRevA.73.011602},
 bdsk-url-2 = {https://doi.org/10.1103/PhysRevA.73.011602},
 date-added = {2019-11-02 22:05:55 +0000},
 date-modified = {2019-11-02 22:05:55 +0000},
 doi = {10.1103/PhysRevA.73.011602},
 issue = {1},
 journal = {Phys. Rev. A},
 month = {Jan},
 numpages = {4},
 pages = {011602},
 publisher = {American Physical Society},
 title = {Particle correlations in a Fermi superfluid},
 url = {https://link.aps.org/doi/10.1103/PhysRevA.73.011602},
 volume = {73},
 year = {2006}
}

