@article{lamacraft2009dispersion,
 author = {Lamacraft, Austen},
 journal = {Physical Review B},
 number = {24},
 pages = {241105},
 publisher = {APS},
 title = {Dispersion relation and spectral function of an impurity in a one-dimensional quantum liquid},
 volume = {79},
 year = {2009}
}

