@inproceedings{goldbart2011bosonic,
 author = {Goldbart, Paul and Gopalakrishnan, Sarang and Lamacraft, Austen},
 booktitle = {APS Meeting Abstracts},
 title = {Bosonic models with Fermi-liquid kinematics: realizations and properties},
 year = {2011}
}

