@article{claeys2021ergodic,
 author = {Claeys, Pieter W and Lamacraft, Austen},
 journal = {Physical Review Letters},
 number = {10},
 pages = {100603},
 publisher = {APS},
 title = {Ergodic and nonergodic dual-unitary quantum circuits with arbitrary local Hilbert space dimension},
 volume = {126},
 year = {2021}
}

