@inproceedings{marchetti2007polarised,
 author = {Marchetti, Francesca Maria and Parish, Meera and Lamacraft, Austen and Simons, Ben},
 booktitle = {APS Meeting Abstracts},
 title = {Polarised Fermi condensates with equal and unequal masses},
 year = {2007}
}

