@article{schecter2012critical,
 author = {Schecter, Michael and Kamenev, Alex and Gangardt, DM and Lamacraft, Austen},
 journal = {Physical review letters},
 number = {20},
 pages = {207001},
 publisher = {American Physical Society},
 title = {Critical velocity of a mobile impurity in one-dimensional quantum liquids},
 volume = {108},
 year = {2012}
}

