@inproceedings{lamacraft2004tunnelling,
 author = {Lamacraft, Austen and Brouwer, Piet and Flensberg, Karsten},
 booktitle = {APS Meeting Abstracts},
 title = {Tunnelling spectroscopy of a quantum dot out of equilibrium},
 year = {2004}
}

