@article{uranga2019schr,
 author = {Uranga, Beñat Mencia and Lamacraft, Austen},
 journal = {arXiv preprint arXiv:1911.11879},
 title = {SchrödingeRNN: Generative Modeling of Raw Audio as a Continuously Observed Quantum State},
 year = {2019}
}

