@article{brouwer2005nonequilibrium,
 author = {Brouwer, Piet W and Lamacraft, Austen and Flensberg, Karsten},
 journal = {Physical Review B},
 number = {7},
 pages = {075316},
 publisher = {APS},
 title = {Nonequilibrium theory of Coulomb blockade in open quantum dots},
 volume = {72},
 year = {2005}
}

