@article{PhysRevB.69.081301,
 author = {Lamacraft, A.},
 bdsk-url-1 = {https://link.aps.org/doi/10.1103/PhysRevB.69.081301},
 bdsk-url-2 = {https://doi.org/10.1103/PhysRevB.69.081301},
 date-added = {2019-11-02 22:04:20 +0000},
 date-modified = {2019-11-02 22:04:20 +0000},
 doi = {10.1103/PhysRevB.69.081301},
 issue = {8},
 journal = {Phys. Rev. B},
 month = {Feb},
 numpages = {4},
 pages = {081301},
 publisher = {American Physical Society},
 title = {Shot noise of spin-polarized electrons},
 url = {https://link.aps.org/doi/10.1103/PhysRevB.69.081301},
 volume = {69},
 year = {2004}
}

