@article{SciPostPhys.2.1.005,
 author = {Tom Price and D. L. Kovrizhin and Austen Lamacraft},
 bdsk-url-1 = {https://scipost.org/10.21468/SciPostPhys.2.1.005},
 bdsk-url-2 = {https://doi.org/10.21468/SciPostPhys.2.1.005},
 date-added = {2019-11-10 16:53:43 +0000},
 date-modified = {2019-11-10 16:53:43 +0000},
 doi = {10.21468/SciPostPhys.2.1.005},
 issue = {1},
 journal = {SciPost Phys.},
 pages = {005},
 publisher = {SciPost},
 title = {Nonlinear Luttinger liquid: Exact result for the Green function in terms of the fourth Painlev√© transcendent},
 url = {https://scipost.org/10.21468/SciPostPhys.2.1.005},
 volume = {2},
 year = {2017}
}

