@article{james2011phase,
 author = {James, AJA and Lamacraft, A},
 journal = {Physical review letters},
 number = {14},
 pages = {140402},
 publisher = {American Physical Society},
 title = {Phase diagram of two-dimensional polar condensates in a magnetic field},
 volume = {106},
 year = {2011}
}

