@article{parish2007general,
 author = {Parish, MM and Marchetti, FM and Lamacraft, A and Simons, BD},
 journal = {Physical Review Letters},
 number = {16},
 pages = {160402--160402},
 publisher = {[Woodbury, NY, etc.] American Physical Society.},
 title = {General Physics: Statistical and Quantum Mechanics, Quantum Information, etc-Polarized Fermi Condensates with Unequal Masses: Tuning the Tricritical Point},
 volume = {98},
 year = {2007}
}

