@article{guo2012thermal,
 author = {Guo, Zhi-Xin and Ding, JW and Gong, Xin-Gao},
 journal = {arXiv preprint arXiv:1201.6355},
 title = {Thermal conductivity of epitaxial graphene nanoribbons on SiC: effect of substrate},
 year = {2012}
}

