@article{PhysRevLett.106.140402,
 author = {James, A. J. A. and Lamacraft, A.},
 bdsk-url-1 = {https://link.aps.org/doi/10.1103/PhysRevLett.106.140402},
 bdsk-url-2 = {https://doi.org/10.1103/PhysRevLett.106.140402},
 date-added = {2019-11-10 16:11:40 +0000},
 date-modified = {2019-11-10 16:11:40 +0000},
 doi = {10.1103/PhysRevLett.106.140402},
 issue = {14},
 journal = {Phys. Rev. Lett.},
 month = {Apr},
 numpages = {4},
 pages = {140402},
 publisher = {American Physical Society},
 title = {Phase Diagram of Two-Dimensional Polar Condensates in a Magnetic Field},
 url = {https://link.aps.org/doi/10.1103/PhysRevLett.106.140402},
 volume = {106},
 year = {2011}
}

