@article{PhysRevLett.104.190403,
 author = {James, A. J. A. and Lamacraft, A.},
 bdsk-url-1 = {https://link.aps.org/doi/10.1103/PhysRevLett.104.190403},
 bdsk-url-2 = {https://doi.org/10.1103/PhysRevLett.104.190403},
 date-added = {2019-11-10 16:08:17 +0000},
 date-modified = {2019-11-10 16:08:17 +0000},
 doi = {10.1103/PhysRevLett.104.190403},
 issue = {19},
 journal = {Phys. Rev. Lett.},
 month = {May},
 numpages = {4},
 pages = {190403},
 publisher = {American Physical Society},
 title = {Non-Fermi-Liquid Fixed Point for an Imbalanced Gas of Fermions in $1+Ïµ$ Dimensions},
 url = {https://link.aps.org/doi/10.1103/PhysRevLett.104.190403},
 volume = {104},
 year = {2010}
}

