@article{lamacraft2008order,
 author = {Lamacraft, Austen and Fendley, Paul},
 journal = {Physical review letters},
 number = {16},
 pages = {165706},
 publisher = {American Physical Society},
 title = {Order parameter statistics in the critical quantum Ising chain},
 volume = {100},
 year = {2008}
}

